2350 3817
107 188 176 281 sao
299 213 470 280 raeiri
496 193 962 278 senoniensium.
1078 278 1084 283 ,

95 370 189 431 'nobie
204 366 242 428 ob
256 388 352 448 regem
366 389 479 430 aversos
493 368 593 427 animis
607 375 791 444 cognoverat,
812 370 943 429 aenum
955 375 990 430 et
1004 369 1132 428 ineundis

108 454 309 535 perpopulatus
331 456 539 534 possessionem
561 452 711 513 Armeniae
730 456 900 532 usurpabat,
932 475 996 514 cnm
1024 456 1134 514 advent

109 541 250 617 Tigranes
267 560 285 597 a
300 540 415 600 Nerone
434 541 473 598 ad
487 537 687 617 ospesseudmn
700 539 844 616 imperinm
858 541 999 613 ddeebm,
1021 541 1135 618 Cappa-

110 626 210 684 docum
223 645 258 684 ex
272 625 431 699 nobilitate,
452 625 527 702 regis
542 622 668 683 Archelai
683 644 791 702 nepos,
813 626 865 685 sed
883 627 960 702 quod
981 627 1032 683 din
1047 627 1133 684 obses

84 706 187 790 2a'pnd
203 712 300 769 urbem
312 713 420 785 fuerat,
439 730 529 787 nsque
543 711 584 768 ad
596 710 721 769 servilem
735 711 901 787 patientiam·
911 712 1061 769 demimus
1084 728 1133 768 nee

109 814 249 855 oonsensu
266 803 412 874 aceeptus,
433 797 551 854 durante
573 796 649 874 apud
670 795 808 871 quosdam
815 798 917 855 farore
931 796 1133 853 Arsaeidarum

111 888 141 940 nt
155 881 279 958 plerique
293 882 454 959 superbiam
464 880 627 939 Parthomrn
641 880 735 958 perosi
750 882 875 941 (laterna
889 881 1028 938 Romanis
1041 898 1135 954 regem

110 966 258 1026 malebant.
280 968 406 1024 additum
419 972 448 1025 et
461 965 645 1042 praesidium,
667 965 732 1024 mile
746 965 903 1041 legionarii,
924 972 984 1025 tres
999 966 1135 1022 sociam

111 1052 242 1119 cobortes
251 1053 378 1127 duaeque
389 1052 511 1129 equiarm
523 1050 595 1124 alae,
610 1071 667 1126 quo
678 1050 783 1108 facilius
795 1071 898 1109 novum
913 1070 1034 1126 regnum
1046 1056 1136 1108 tuere·

85 1142 164 1203 atur.
185 1156 251 1214 pars
264 1135 425 1210 Armeniae,
442 1136 474 1193 ut
485 1136 584 1210 enque
598 1136 727 1208 finitima,
742 1135 922 1213 Pharasmani
935 1136 1136 1212 Polemonique

111 1227 140 1280 et
155 1218 313 1280 Aristobulo
329 1227 413 1299 atque
428 1220 564 1307 Antioelm
579 1239 679 1298 parere
691 1221 785 1279 iussae
799 1229 872 1280 suna
901 1221 1026 1279 Corbulo
1040 1220 1071 1277 in
1085 1222 1135 1296 Sy·

111 1306 178 1365 rum
193 1306 342 1380 abseemit,
363 1312 451 1365 morte
462 1305 597 1373 Ummidii
608 1305 693 1381 legati
703 1304 817 1364 vacuam
829 1326 864 1365 ae
874 1307 928 1364 sibi
938 1306 1115 1385 pennissam.

195 1408 312 1469 XXVII.
339 1408 451 1468 Eodem
465 1410 539 1466 anno
554 1426 589 1469 ex
602 1407 750 1467 illustribus
764 1405 848 1467 Asiae
863 1409 979 1466 urbibus
994 1406 1136 1467 Laodioes

111 1497 230 1553 ueniere
244 1500 335 1553 terrae
349 1493 498 1572 prolapsa,
518 1493 594 1555 nullo
607 1512 625 1551 a
638 1494 720 1551 nobis
736 1493 876 1568 remedio,
897 1493 1024 1571 propriis
1038 1493 1135 1571 opibus

111 1577 235 1637 revaluit.
262 1580 300 1636 At
313 1580 342 1636 in
351 1578 428 1637 ltalia
440 1584 519 1637 vetris
531 1580 666 1656 oppidum
672 1577 838 1637 Puteoli'ius
851 1579 977 1638 boloniae
989 1584 1018 1637 et
1029 1597 1134 1654 eogno-

86 1669 236 1733 2mennnn
254 1683 271 1722 a
291 1663 407 1724 Nerone
427 1664 625 1741 adipisamtur.
655 1665 778 1722 veterani
796 1664 952 1723 Tarentum
971 1670 1001 1722 et
1024 1663 1135 1720 Ann‘rm

103 1749 225 1826 'ascripti
236 1769 294 1808 non
306 1750 399 1807 tamen
411 1750 612 1825 infrequentiae
623 1747 746 1807 loconim
759 1751 929 1823 solverem,
947 1748 1066 1825 dilapsis
1078 1746 1135 1826 plu·

112 1833 188 1895 abus
202 1835 232 1891 in
245 1834 415 1912 provureias,
436 1835 465 1893 in
479 1834 579 1910 quibus
595 1834 734 1910 stipendia
748 1833 940 1912 expleverant3
962 1853 1060 1908 neque
1073 1852 1134 1890 eou-
1152 1893 1158 1897 .

112 1917 195 1993 iugiis
208 1919 399 1996 suscipiendis.
408 1939 500 1995 neque
514 1917 620 1977 alendis
635 1919 733 1978 tibens
742 1920 814 1979 sueti
827 1921 910 1977 orbas
930 1918 994 1976 sine
1015 1916 1135 1995 posteris

88 2002 214 2070 adomos
227 2003 427 2081 relinquebant.
455 2022 514 2064 non
528 2004 616 2079 erum,
637 2003 768 2088 aialim,
783 2006 928 2066 universae
941 2003 1073 2081 legiones
1084 2003 1136 2063 de·

114 2287 148 2341 ab
161 2304 225 2361 rege
238 2291 333 2344 anim&
339 2309 399 2363 sag.
413 2261 456 2344 sed
467 2265 561 2360 syllaba
571 2310 607 2363 ge
621 2297 646 2345 in
659 2295 727 2346 Flor.
739 2294 913 2358 superscripta,
929 2296 958 2343 ut
971 2291 1005 2343 ab
1020 2307 1053 2343 re
1063 2294 1135 2342 insse

114 2360 232 2410 videatur.
256 2363 325 2412 Unde
339 2366 358 2413 l.
374 2366 482 2414 Gronov.
498 2367 597 2419 coniicit
610 2364 757 2416 αὺήοποτο.
781 2365 808 2414 In
820 2363 867 2413 ns.
879 2365 938 2427 Agr.
952 2379 978 2430 q.
993 2379 1022 2413 n.
1039 2362 1137 2416 diasat

102 2442 142 2479 a.
157 2443 179 2478 c.
196 2431 277 2480 Guelf.
294 2432 417 2483 aduersos
430 2432 532 2484 anisnis.

73 2555 109 2585 ·,
152 2567 156 2573 ,
183 2514 308 2581 delectae]
323 2519 398 2567 Abest
412 2534 428 2566 a
445 2520 562 2568 nonnullis
576 2520 631 2569 edd.
976 2578 981 2582 .

34 2638 69 2661 ,-
127 2635 129 2640 -
183 2601 269 2655 addit.
284 2602 491 2670 etpraesidinns]
510 2605 549 2657 Et
559 2597 790 2655 rediturusne.
799 2604 894 2657 Puteal.
905 2602 1134 2669 scripseratetin

128 2702 132 2709 ’
182 2687 297 2755 equiturn
312 2686 413 2739 alae—
422 2694 546 2742 tueretur.
560 2706 626 2757 pare
642 2689 701 2755 eta]
718 2693 760 2740 Sic
773 2691 821 2740 loci
837 2691 1015 2741 distinctionem
1028 2692 1136 2741 correxit

114 2754 263 2808 Freinshem.
281 2770 352 2823 quem
365 2774 418 2809 oum
437 2762 611 2810 recentioribus
627 2762 758 2811 editoribus
772 2762 900 2827 sequimur.
925 2763 1005 2809 Antea
1017 2777 1073 2809 ennr
1088 2761 1135 2809 Pu·

113 2828 212 2877 teolano
225 2828 365 2891 legebatur:
383 2827 496 2894 eqni-itum
508 2830 579 2894 alae.
598 2835 624 2879 et
638 2845 687 2895 quo
693 2828 806 2893 facilius
819 2844 913 2885 nonam
924 2840 1039 2895 reguiam
1051 2836 1135 2879 tuere·

113 2899 175 2956 tur,
189 2911 255 2962 pass
266 2895 406 2948 maniae
418 2903 448 2948 ut
458 2897 686 2964 ouiqroefinitinsa‚
701 2913 767 2964 pars
779 2898 791 2922 *
804 2896 942 2964 Nipols‘qoe
955 2897 1136 2949 etArietebolo

115 2970 194 3030 atquo
215 2963 343 3015 Antiocho
362 2981 458 3032 parere
477 2966 564 3018 iturae
581 2973 649 3018 eunt.
673 2969 700 3016 ln
719 2968 757 3015 his
775 2967 871 3029 Lipsius
887 2967 1051 3016 restituebat:
1072 2982 1138 3033 pars

115 3032 253 3085 Armeniae
265 3039 295 3084 nt
311 3033 400 3103 auique
411 3034 548 3100 finitima,
568 3035 788 3101 Tbraseypoliqaa
802 3041 849 3085 eto.
872 3034 933 3083 LF.
948 3036 1060 3084 Gronov.
1072 3050 1139 3101 pars

115 3101 187 3154 Arna
202 3118 227 3152 u.
242 3118 264 3152 o.
275 3102 302 3167 s.
317 3101 492 3154 Pharasmani
505 3101 686 3171 Polemonique
703 3109 729 3155 ot
739 3101 855 3154 Ariona
875 3107 924 3152 eta.
949 3105 1012 3152 cdd.
1027 3104 1096 3153 Flor.
1114 3111 1140 3153 et

14 3234 17 3243 Ι
115 3173 176 3222 Bud.
196 3187 261 3238 pars
278 3170 417 3223 Armeniae
436 3179 484 3223 ant
505 3173 609 3241 adpre,
634 3177 691 3238 Agr.
709 3170 938 3238 pernrnonan'
951 3178 1013 3222 eunt
1036 3173 1139 3239 nuqua

117 3238 229 3288 Proxima
238 3242 328 3302 ibidem
340 3242 387 3289 sic:
401 3254 467 3306 pare
478 3240 670 3308 manipnliqne3
679 3241 726 3292 ed.
739 3257 776 3308 pr.
788 3255 854 3309 paro
868 3239 1016 3308 impellique.
1033 3267 1073 3279 -
1088 3243 1139 3295 Ds-

116 3305 189 3363 niqne
201 3306 322 3355 alonem
335 3323 379 3369 pro
396 3311 505 3359 necessit
517 3315 555 3358 est
567 3326 584 3358 a
597 3313 689 3379 Lipsio.

184 3386 245 3449 esp.
258 3387 301 3438 27.
325 3389 516 3458 adilinmatar]
532 3392 611 3458 Ryek.
625 3396 720 3446 efter.
732 3392 890 3462 aphraatis·
