2350 3817
124 176 190 246 sss
316 173 485 240 uncum
500 175 770 241 „sunaniuu
788 174 969 242 uruxuu
991 190 999 199 ·
1021 243 1024 248 ,
1082 128 1103 169 ⁸

124 331 490 412 itapraeriguissennnus,
509 333 1125 394 utoneriadhaerentestrundsbracbiisde

125 419 256 479 uiderunt
285 418 350 495 ipse
366 415 440 476 subu
459 416 530 491 levi,
550 418 642 496 capite
656 419 776 494 intecto,
795 421 825 476 in
846 420 974 494 agmine,
995 418 1026 477 in
1041 419 1132 491 labori¹

125 503 178 561 bru
194 503 328 579 frequens
347 503 463 574 adesse3
492 501 603 561 laudem
621 504 757 578 suenum,
778 502 907 561 solatium
931 504 1071 575 invalidis,
1089 520 1126 561 e1·

99 584 245 666 semplmu
259 587 387 644 omnibus
400 587 557 646 ostendere.
583 586 701 661 Dehinc,
716 589 782 665 quia
792 588 922 646 duritiam
936 588 1005 647 caeli
1018 587 1126 646 militae

125 692 181 750 que
194 669 272 730 multi
283 670 444 730 abnuebant
457 672 687 748 nesciebantque,
702 672 853 731 remedium
868 673 1018 739 serenitate
1032 671 1125 751 quaesi·

123 763 183 815 trum
197 763 249 815 est.
277 774 330 815 nec
346 756 436 830 min,
456 757 533 833 utin
551 755 612 814 aliis
634 757 818 830 exesorum,
833 752 953 833 primurn
971 757 1125 831 alienamque

125 841 254 901 delicbum
268 840 349 899 venia
360 842 597 918 prosequebatur,
625 842 677 900 sod
691 841 739 915 qui
758 842 840 917 signu
862 841 1028 917 reliquerat,
1047 840 1125 899 satin

125 926 216 1004 eapite
231 943 338 1003 poenas
353 925 455 984 luebat
488 925 573 1002 idque
597 944 649 983 uun
668 924 778 984 salubre
794 931 823 984 et
837 925 1027 984 miserioordia
1044 924 1125 984 mdo

125 1010 269 1089 apparunt:
297 1008 558 1090 quippepauciores
572 1009 618 1068 illa
627 1016 719 1069 castra
731 1010 880 1069 desemere
893 1029 976 1088 quam
992 1030 1028 1071 ea
1039 1010 1067 1069 in
1078 1008 1126 1087 qui-

124 1095 178 1154 bus
191 1094 393 1170 ignoscebatur.
1097 1094 1101 1101 ’

209 1177 341 1236 XXXVI.
361 1178 474 1237 Interim
495 1178 636 1254 Corbulo,
664 1177 818 1255 legionibus
837 1179 911 1238 intra
932 1183 1024 1237 casua
1040 1177 1125 1236 babilis
1155 1188 1156 1235 l

125 1263 216 1322 donec
227 1281 277 1320 ver
289 1262 469 1336 adolesceret,
490 1264 688 1342 dispositisque
702 1283 754 1342 per
765 1264 882 1322 idoneos
893 1263 970 1322 locos
984 1263 1125 1321 cohortibus

125 1347 282 1420 auxiliariis,
302 1366 339 1406 ue
350 1366 473 1426 pugnam
485 1348 593 1426 priores
606 1349 740 1408 auderent
756 1349 898 1425 praedicit.
927 1366 1022 1406 curam
1034 1345 1125 1426 praesi-

99 1432 232 1491 2dionun
250 1431 345 1489 Pactio
367 1432 488 1509 Orphito
508 1432 639 1510 primipili
659 1433 764 1509 honore
785 1435 931 1510 perfuncto
958 1432 1077 1490 mandat.
1105 1429 1125 1485 is

125 1535 291 1593 quamquam
304 1517 430 1574 incautos
442 1517 575 1574 barbaros
588 1522 617 1576 et
630 1517 702 1579 bene
715 1518 855 1592 gerendae
876 1518 917 1576 rei
936 1535 1032 1575 casum
1046 1513 1126 1574 offerri
1157 1530 1159 1555 l

124 1601 289 1678 scripserat,
309 1606 394 1658 tenere
407 1620 434 1658 se
448 1604 616 1660 moramentis
628 1600 658 1659 et
667 1606 779 1660 numum
789 1605 878 1680 copias
897 1604 1014 1679 opperiri
1024 1601 1125 1658 iubetur.

124 1686 176 1744 sed
190 1690 270 1762 rupto
283 1685 408 1764 Imperio,
431 1690 580 1763 postquam
600 1704 705 1763 paucae
718 1707 735 1746 e
750 1686 880 1764 proximis
895 1686 1015 1745 rastellis
1034 1691 1125 1744 brumae
1158 1700 1159 1737 l

124 1770 293 1828 advenerant
304 1788 483 1848 pugnamque
494 1770 631 1848 imperitia
643 1772 812 1849 poscebant,
832 1790 1002 1846 congressus
1016 1787 1075 1829 cunr
1085 1768 1124 1825 bo

124 1859 168 1911 ste
181 1853 310 1912 funditur.
331 1861 359 1912 et
374 1854 475 1911 damno
492 1855 551 1912 eius
565 1855 696 1929 exterriti,
718 1857 766 1932 qui
779 1855 930 1913 subsidium
945 1857 1020 1914 ferre
1037 1854 1124 1913 dnm
1159 1882 1160 1919 i

45 1960 47 1969 ⁴
99 1943 196 2011 arant,
217 1946 268 1995 sua
279 1938 399 2014 quisque
411 1939 439 1995 in
457 1944 547 1997 casua
561 1940 671 2016 trepida
687 1941 756 2015 fuga
776 1940 890 1998 rediere.
923 1939 1001 2014 quod
1022 1938 1125 2014 granta

125 2020 247 2082 Corbulo
263 2023 381 2100 accepit,
400 2023 620 2101 increpitumque
633 2014 756 2082 Pactium
772 2030 801 2084 et
813 2026 968 2101 praefectos
986 2022 1125 2097 militesque

123 2105 226 2164 trudere
240 2124 324 2163 mures
345 2112 425 2165 extra
447 2107 549 2164 uallum
569 2108 656 2165 iussit
684 2109 770 2187 inque
791 2127 824 2166 ea
842 2107 1007 2167 conuuueliu
1025 2104 1124 2176 detenti,

96 2258 98 2261 ι
123 2208 176 2251 nec
190 2191 244 2247 nisi
258 2190 384 2268 precibus
397 2191 516 2251 universi
534 2190 667 2250 exoriens
684 2193 802 2252 exsoluti
814 2198 885 2250 sunt

207 2273 351 2333 XXXVII.
372 2273 410 2333 At
425 2275 583 2350 'l'iridates,
605 2296 689 2354 super
709 2278 837 2356 proprias
854 2274 993 2335 clientelas
1008 2294 1061 2352 ope
1078 2272 1122 2329 Vo

123 2358 219 2436 logesi'
229 2359 322 2420 fiatris
337 2361 463 2435 adiutus,
491 2379 551 2422 uon
564 2360 657 2423 finum
670 2361 727 2418 iam
740 2362 793 2420 sed
805 2360 898 2439 palam
912 2360 985 2419 bello
1000 2360 1122 2418 insensate

124 2442 299 2518 Armeniam,
321 2462 447 2522 quosque
466 2445 538 2503 fidos
558 2445 639 2502 nobis
660 2446 787 2520 rebatur,
809 2443 986 2523 depopularI,
1008 2450 1035 2502 et
1048 2442 1070 2499 si
1083 2458 1120 2498 oo

123 2529 188 2608 piae
202 2535 297 2587 contra
310 2528 491 2606 ducerentur,
521 2527 650 2605 eludere,
670 2528 779 2607 hucque
798 2535 827 2591 et
847 2530 913 2588 illuc
927 2529 1043 2588 volitans
1055 2525 1120 2607 pluu

192 2724 361 2795 deciderent]
381 2730 601 2781 Potesttamen.
614 2731 703 2781 Aleiut.
718 2729 869 2782 reciderunt.

193 2800 252 2862 esp.
267 2799 309 2852 36.
324 2798 426 2865 priores
440 2796 581 2863 auderent]
599 2801 637 2848 lta
650 2815 694 2863 pro
708 2799 828 2860 adimat,
845 2800 908 2862 qnod
922 2803 962 2850 cst
975 2799 1000 2849 in
1011 2795 1060 2848 cdl·
1072 2793 1118 2854 ⁵8¹·

125 2866 207 2919 Guell.
226 2871 380 2930 omnibusque
399 2874 456 2918 aute
474 2869 604 2919 Pichenarn
627 2869 691 2929 edd,
715 2871 812 2931 scripsit
822 2869 944 2930 Piclreua,
967 2859 1117 2918 rsuruueulwb

124 2936 191 2990 Flor·
207 2939 232 2985 iu
244 2951 290 2998 quo
304 2936 434 2989 mussent.
457 2938 582 2987 Beklrerus
594 2938 693 2987 retinuit
704 2935 816 2991 odirent.

194 3002 287 3056 Puutio
304 3003 431 3072 Orphito]
456 3005 563 3054 Muretus
575 3008 674 3056 volebat
688 3004 719 3057 P.
732 3004 807 3056 Attio
820 3003 938 3073 Orphito.

123 3141 142 3193 d
191 3073 269 3141 inquo
281 3088 314 3123 eu
325 3071 483 3193 cuqaumsliu
494 3071 565 3142 deb]
588 3075 617 3124 Iu
629 3075 667 3124 ed.
679 3088 724 3140 pn·
732 3073 894 3143 quaudoque.
917 3069 1034 3131 ulain
1045 3075 1120 3141 ΡΜ»

142 3141 153 3194 i
204 3157 263 3192 eeu
277 3147 343 3193 cone
400 3177 409 3195 .
1086 3154 1092 3159 ’

152 3159 253 3271 werp.
264 3209 308 3267 87..
326 3209 424 3276 hucque
438 3213 465 3260 et
476 3205 555 3275 illus]
578 3211 616 3259 Ita
626 3210 730 3274 Lipsius·
756 3212 883 3263 Oberlinus
900 3215 1000 3266 retinnit
1010 3212 1057 3264 hs
1067 3223 1120 3278 qur

191 3281 219 3323 ot
235 3275 306 3324 illoo.
336 3277 394 3325 llos
414 3282 556 3339 morere,
581 3283 609 3327 ut
626 3283 664 3328 est
679 3280 704 3327 in
726 3279 764 3328 od.
781 3280 849 3331 Flor.
865 3287 892 3331 et
910 3288 971 3335 vett.
986 3284 1048 3345 edd,
1065 3278 1119 3330 dedit

147 3339 246 3419 lehem,
264 3341 395 3392 Rhenanus
408 3342 496 3398 eBud.
507 3351 635 3411 receperat
647 3344 789 3399 amulae·
918 3372 921 3377 ·
