2350 3817
146 236 213 300 sm
341 219 901 302 nscmisuuunrunmn.
921 234 987 295 xv.
1045 207 1050 210 ’

121 388 216 447 salias
234 386 332 447 'liberi
353 388 498 446 subvectas
519 387 648 446 fortuitas
670 388 742 465 ignis
766 388 976 465 absmnpsisset
1012 381 1082 445 Tres
1096 383 1143 443 deii

147 473 317 545 consulares,
338 471 373 531 L.
388 471 528 545 Focaeus,
548 473 724 532 Ducennium'
739 473 898 545 Geminum,
915 468 1145 549 PompeimnPsul·

146 556 232 615 linum
245 556 423 633 vectigalibus
435 556 550 634 publicis
565 559 744 635 praeposuit,
775 573 838 615 clun
849 557 1033 615 insectatione
1045 556 1146 632 priomn

146 643 317 722 principum,
347 644 395 718 qui
414 644 552 716 grauitate
569 648 721 719 sumptuum
739 645 824 704 iustos
844 641 948 699 ruditus
963 644 1112 701 ommutuit:
1125 657 1148 716 ⁴u

147 747 264 785 ommuni
281 730 425 785 sexcenties
438 730 584 784 sedatium
597 731 639 783 rei
649 727 775 803 publicae
787 724 896 801 largiri.

233 812 310 869 xlx.
329 811 527 869 Percrebuerat
534 831 568 869 ea
581 817 748 888 tempestate
759 813 940 889 pravissimus
954 830 1017 869 mos
1031 830 1086 869 crnu
1097 826 1149 887 pro
1164 785 1165 860 l

147 896 259 976 pinquis
278 896 393 954 comitiis
414 903 462 953 aut
480 902 555 954 sorte
575 897 777 974 provinciarum
798 896 924 973 plerique
945 897 1008 954 orbi
1027 896 1091 953 ficos
1109 892 1150 952 cd

148 981 306 1060 optionibus
321 982 487 1038 asciscerent
499 980 585 1054 filios,
606 987 806 1058 praeimasque
823 987 851 1040 et
862 981 1022 1058 provincias
1035 982 1101 1038 inter
1111 996 1149 1056 pa

121 1070 206 1125 aaa
227 1065 318 1130 sortiti
336 1066 432 1122 statim
453 1065 609 1140 emitterent
628 1084 710 1122 mauu
735 1085 804 1141 quos
824 1067 1039 1142 adoptaverant.
1070 1079 1151 1138 magua

148 1169 210 1208 crim
226 1151 328 1207 invidia
344 1152 470 1208 senatuum
483 1150 601 1223 adeunt,
622 1152 667 1207 ius
679 1156 810 1222 naturae,
834 1149 937 1207 laborm
951 1149 1095 1223 educandi,
1112 1146 1148 1204 od-

147 1254 238 1294 oersus
246 1234 376 1311 fraudem
391 1241 416 1292 ct
438 1239 510 1291 artes
526 1240 552 1291 et
567 1235 722 1293 breuitatem
737 1234 887 1311 adoptionis
906 1241 1082 1312 enumerant:
1099 1234 1149 1291 cotis

144 1322 228 1397 pretii
242 1339 296 1377 esse
313 1320 398 1392 orbis,
421 1319 490 1395 qood
502 1320 588 1378 multo
603 1325 760 1392 securitate,
774 1313 864 1378 ‘nouo
879 1321 1023 1394 oneribus,
1044 1320 1147 1395 gratim

122 1404 272 1478 bimones,
296 1411 392 1462 cuncta
402 1399 526 1481 prompto
549 1410 575 1462 et
598 1406 675 1463 obvia
694 1405 823 1463 labuerit.
860 1405 920 1461 sibi·
932 1404 1149 1481 promissalegu

147 1489 196 1547 diu
215 1495 367 1567 exspectato
388 1492 417 1544 in
439 1489 584 1547 ludibrium
604 1494 689 1563 oseti,
711 1490 815 1566 quaudo
836 1492 897 1567 puis
914 1494 974 1548 sinc
995 1487 1150 1550 sollicitudine

146 1594 258 1653 poscas,
288 1579 343 1632 sine
361 1573 437 1631 luctu
459 1575 536 1630 orbus
559 1571 642 1649 longo
658 1581 767 1653 patrum
787 1579 854 1633 uoto
871 1581 977 1651 reperite
999 1574 1150 1651 adaequaret.

147 1662 249 1719 suebum
264 1679 297 1718 ex
312 1680 346 1717 eo
359 1665 471 1717 senatus
485 1659 649 1733 consultum,
670 1680 703 1717 nc
715 1660 844 1724 simulata
856 1661 993 1735 adoptio
980 1677 1011 1718 su
1025 1659 1081 1717 ullo
1091 1659 1151 1734 pult

147 1749 263 1802 munau
283 1744 386 1822 publici
410 1734 518 1801 iuuaret
544 1763 579 1804 oc
600 1764 633 1802 oe
659 1744 820 1862 usamandis
850 1745 956 1862 quidem
983 1741 1150 1804 boeditatilus

179 1830 286 1887 adesset

129 1849 178 1908 pf
233 1915 298 1971 XX
319 1914 391 1974 Exin
408 1913 541 1971 Claudius
554 1912 718 1972 ‘timarchus
733 1914 874 1974 Cretensis
887 1933 952 1973 reus
968 1914 1077 1989 agitur,
1095 1913 1151 1971 oete

148 1998 187 2057 ris
208 2000 381 2072 criminibus,
399 2004 438 2059 ut
458 1998 549 2057 solent
567 1999 717 2075 praevalidi
735 1998 941 2076 provincialium
961 2005 991 2057 et
1011 2000 1106 2077 opibus
1121 1994 1152 2051 ni-

83 2145 90 2151 ,
148 2084 210 2142 miis
222 2084 259 2141 ad
273 2085 385 2140 iniurias
399 2084 534 2140 minorum
554 2082 633 2141 elati:
655 2103 710 2141 una
725 2103 778 2140 vox
792 2083 850 2142 eius
866 2103 957 2159 usque
977 2081 1018 2141 ad
1032 2089 1151 2141 coutume-

148 2167 212 2225 liam
224 2174 336 2226 senatus
347 2173 554 2245 penetraverat,
575 2169 653 2242 quod
666 2168 819 2227 dictitasset
837 2172 867 2225 in
882 2188 932 2225 suo
940 2173 1076 2245 potestate
1088 2163 1149 2225 utun

125 2258 185 2310 toa
195 2253 405 2329 proconsulibus,
428 2256 475 2327 qui
483 2251 782 2326 Cretampbtiauisscnt,
799 2258 889 2328 grates
901 2258 1055 2328 agerentur.
1078 2253 1149 2320 Quin

148 2338 322 2396 occasionem
342 2337 444 2395 Paetus
461 2336 589 2394 Thrasea
609 2339 645 2394 ad
666 2339 770 2394 bonum
788 2338 925 2415 publicum
941 2344 1070 2411 ventem
1090 2338 1150 2414 post·

149 2436 232 2498 quam
253 2423 289 2480 de
305 2441 354 2481 reo
371 2426 516 2479 censuerat
531 2425 675 2497 prouincia
689 2421 768 2480 Creta
788 2419 985 2499 depellendum,
1005 2421 1076 2480 haec
1090 2415 1150 2477 aad

149 2506 206 2565 dit:
237 2505 295 2564 Usu
312 2507 454 2586 probatum
473 2510 527 2581 est,
558 2504 592 2565 P.
616 2505 645 2567 C.
664 2506 734 2586 leges
754 2511 895 2589 egregios,
924 2506 1045 2585 sesopia
1061 2505 1150 2564 scau

130 2812 132 2814 ’
214 2794 306 2846 ultera·
315 2796 424 2848 mboact
432 2795 442 2862 ]
457 2799 484 2847 In
499 2796 553 2846 cdd.
566 2795 628 2845 Bud.
642 2801 667 2845 et
681 2797 737 2859 Agr.
755 2794 872 2849 Tiberino
894 2795 1006 2856 Denique
1016 2787 1151 2858 mirapeis

148 2868 189 2916 sot
200 2880 243 2928 pro
259 2865 436 2930 assumpsisset
449 2867 525 2915 edidit
540 2867 618 2914 Rhea.
634 2867 720 2914 eBud

217 2935 276 2996 Cup.
297 2934 337 2984 19.
361 2934 530 2999 pravissimus
544 2932 619 2999 mos]
643 2936 669 2983 ln
692 2936 728 2983 cd.
749 2935 815 2986 Flac.
835 2936 971 2984 correctum
987 2946 1083 2998 pronus
1099 2940 1165 2986 ¹1⁰⁸,

148 3001 212 3065 quad
231 3004 376 3065 praetenti.
397 3005 503 3053 Gronov.
534 3002 596 3051 Tum
617 3009 673 3051 ante
692 3005 766 3052 verba
779 3016 951 3071 magnacum
965 3000 1050 3051 incid.
1073 2991 1165 3049 Puteal.

52 3095 56 3116 ι
148 3085 201 3120 cum
219 3072 274 3120 aliis
293 3072 404 3134 praefigit
421 3070 480 3138 pai,
507 3071 570 3133 quod
590 3087 643 3121 aum
660 3072 724 3121 absit
742 3074 876 3137 aptaribus
892 3071 946 3120 cdd.
961 3075 990 3121 et
1004 3071 1045 3119 ed.
1064 3083 1099 3134 pr.
1111 3079 1154 3117 mu

145 3139 257 3189 bekkero
269 3141 396 3189 omisimus.

138 3227 143 3233 ι
218 3207 330 3268 adeunt,
347 3204 528 3272 coenaturus]
546 3208 588 3256 Sic
605 3208 952 3273 bun'cloaumedrditltben,
976 3207 1152 3274 assequente

147 3276 264 3332 gebatur:
282 3274 394 3334 adeunt,
410 3275 447 3324 ibi
461 3282 684 3326 naturoomonus.
719 3279 745 3326 tn
759 3279 826 3331 Flot.
840 3281 937 3329 etBud
949 3279 1150 3332 odemrtibucoo

147 3341 299 3451 ganea&
307 3343 344 3389 cd.
359 3312 431 3391 (uirb.
444 3341 498 3392 uim
514 3347 633 3394 naturae.
670 3346 778 3410 maique
791 3345 896 3414 pudent
906 3353 962 3413 post
981 3345 1149 3416 usurpanditt
