2350 3817
126 184 176 303 dd
338 235 510 301 TACITI
529 234 791 299 ANNALthI
816 233 954 299 LIB.lI.

211 388 287 453 inv.
307 388 399 450 Petita
420 391 487 448 inde
507 387 623 448 Euboea
638 388 756 447 tramisit
769 386 909 462 Lesbum,
929 387 980 447 nbi
1002 414 1039 457 -g
1083 416 1129 440 rw

127 475 278 536 nouuimo
293 486 376 553 partu
386 474 485 533 luliarn
497 474 593 534 edidit.
621 478 680 531 tum
700 479 823 535 exhema
836 471 920 532 Asiae
931 473 1068 532 Perinth
1086 503 1101 522 ··
1119 501 1136 542 2,

128 580 162 619 ae
174 559 339 635 Byzantium
354 557 489 620 'thracias
510 558 604 630 urbes,
624 575 689 614 mox
710 556 890 635 Propontidis
902 557 1054 633 angustias
1076 564 1114 618 et

37 714 42 719 ⁸
128 643 274 704 Ponticum
286 644 370 702 intrat
384 643 512 720 cupid'me
526 647 634 701 veteres
648 639 724 699 locos
738 648 767 700 et
779 644 854 700 fama
867 642 1022 702 celebratos
1037 660 1091 698 nu

128 730 174 801 di3
194 731 353 808 pariterque
366 727 521 805 provimias
535 725 651 784 internis
666 725 857 784 certaminibus
878 734 927 785 aut
938 743 1049 801 inagis·
1067 754 1072 776 ι
1091 753 1127 774 ν·

103 811 236 875 2iniuriis
250 816 341 874 fessas
354 812 504 871 refovebat
525 816 610 888 atque
623 809 697 870 illum
712 810 742 868 in
754 829 885 886 regressu
895 829 976 869 mera
989 811 1062 868 Sam
1070 839 1075 861 i
1084 839 1134 860 ...a

128 918 191 960 unu
210 900 303 957 visere
323 897 457 956 nitentem
478 895 552 953 obvii
573 895 716 972 aquilones
737 894 877 972 depulere
920 895 1011 970 Igitur
1033 896 1072 954 ah
1111 901 1134 948 i.

129 1002 257 1061 quaeque
270 982 308 1041 'rbi
321 981 454 1047 varietate
467 981 596 1039 fortunae
612 986 645 1038 et
660 979 749 1037 nostri
761 980 869 1055 origine
889 980 1063 1053 vendanda,
1111 1005 1131 1030 -ι

130 1068 173 1144 git
186 1066 282 1125 Asiam
293 1065 466 1144 appellitque
478 1063 644 1141 Colophona
665 1069 698 1121 ut
712 1062 797 1123 Clarii
811 1062 953 1142 Apollinis
961 1065 1077 1122 oraculo

104 1158 213 1219 aretur.
234 1169 292 1209 non
306 1150 410 1208 senine
427 1148 491 1223 illic,
511 1154 543 1207 nt
565 1147 642 1226 apud
654 1145 798 1225 Delphos,
825 1149 878 1207 sed
898 1148 979 1231 certis
1001 1167 1020 1207 e
1060 1175 1103 1200 :no
1122 1157 1137 1186 Γ*

126 1243 155 1295 et
173 1236 261 1293 fenne
273 1233 371 1294 Mileto
393 1232 494 1291 accitus
518 1232 650 1290 sacerdos
669 1251 812 1291 numerum
834 1234 918 1291 modo
938 1231 1056 1292 conssul
1072 1260 1076 1283 ι
1093 1262 1120 1284 ι-

127 1326 159 1379 et
171 1317 283 1379 nomina
298 1319 393 1389 audit3
411 1321 472 1376 turn
485 1318 515 1377 in
528 1334 641 1394 speciun
656 1318 823 1392 degressus,
843 1317 943 1376 hausta
954 1317 1042 1375 sontis
1063 1343 1066 1368 =

101 1448 110 1457 .
127 1423 217 1483 aqua,
238 1404 352 1482 ignarus
366 1401 529 1482 plerumque
541 1401 693 1460 litterarum
706 1406 735 1459 et
749 1402 914 1476 caminum,
935 1401 994 1462 edit
1010 1418 1099 1481 respo
1109 1435 1111 1450 <

126 1489 252 1549 versibus
274 1487 435 1568 compositis
455 1504 540 1565 super
564 1486 648 1543 rebus
670 1504 740 1564 quas
760 1485 821 1564 quis
841 1488 1090 1631 wucepit.
1132 1475 1145 1539 :⁴

126 1573 266 1632 terebatur
288 1572 454 1632 Germanico
474 1589 527 1652 per
547 1569 698 1649 ambages,
723 1575 755 1630 nt
774 1588 837 1633 mos
952 1573 958 1585 ’
983 1577 1152 1647 ,motum

124 1661 237 1717 einum
257 1658 398 1717 cecinisse.
465 1688 468 1695 ,

209 1739 271 1802 LV.
291 1740 330 1801 At
345 1740 398 1801 Cn.
415 1737 482 1798 Piso
494 1756 551 1815 quo
571 1739 765 1820 properantius
787 1739 924 1800 destinata
938 1738 1088 1819 inciperet,
1109 1741 1155 1801 ni-

126 1826 240 1886 vitatenr
253 1825 462 1886 Atheniensium
482 1822 593 1881 turbido
616 1824 726 1882 incessu
747 1825 901 1887 exterritam
922 1825 1049 1884 oran'one
1063 1844 1151 1887 sama

127 1911 256 1990 increpat
273 1910 386 1991 oblique
407 1908 602 1969 Germaninnn
624 1909 832 1987 perstringens,
859 1900 930 1987 quod
951 1915 1045 1968 connis
1067 1910 1149 1973 dam

127 1994 246 2055 Rotnani
252 2000 371 2071 nenton
384 2015 436 2054 non
449 1992 634 2067 Athenienses,
663 1997 702 2050 iot
715 1993 835 2052 cladibus
848 1998 1008 2068 exstinctos,
1029 1996 1076 2054 scd
1089 1995 1147 2054 col·

127 2080 225 2139 lunum
238 2079 315 2138 illum
328 2084 466 2139 notionum
481 2081 604 2137 comitate
618 2080 703 2136 nimiu
716 2077 855 2138 coluisset.-
875 2080 921 2138 lus
934 2083 1002 2138 enin
1016 2100 1071 2140 esse
1083 2079 1146 2142 nn·-

122 2157 254 2223 'caninis
276 2165 402 2225 cdoernu
417 2163 541 2238 Sullam,
563 2162 676 2222 Antonii
694 2163 822 2224 adoernn
835 2164 871 2223 D.
885 2165 1040 2242 Angustum
1053 2169 1147 2227 sorim

102 2249 220 2330 2Etiam
240 2255 336 2307 vetera
356 2248 528 2322 oblectabat,
550 2266 622 2323 quae
642 2248 672 2307 in
687 2246 857 2309 Macedones
878 2250 1066 2328 impqospeie,
1086 2252 1149 2313 vin-

128 2333 217 2393 lenter
228 2333 258 2390 in
272 2351 339 2390 snos
352 2332 495 2405 fecissent,
516 2331 641 2390 offensus
660 2333 723 2409 urbi
741 2334 856 2413 propria
876 2353 988 2414 qnoque
1001 2332 1059 2411 ira,
1079 2354 1147 2415 qm

129 2416 314 2496 Theophilum
328 2417 476 2495 quemdam
486 2415 562 2475 Areo
574 2416 676 2475 indicio
691 2417 754 2475 salsi
771 2421 928 2478 damnatum
943 2421 1072 2499 precibus
1085 2422 1144 2480 siris

126 2520 186 2560 non
197 2504 387 2561 concederent
417 2499 489 2559 Exin
507 2499 684 2576 navigatione
704 2502 784 2562 celeri
801 2504 1006 2583 penCyeladas
1025 2510 1055 2564 et
1069 2524 1144 2565 com·

126 2588 230 2665 pendia
256 2587 340 2646 maris
360 2586 515 2662 assequitur
535 2583 729 2645 Germanicsun
759 2590 835 2666 apud
861 2588 978 2649 insum
1003 2583 1142 2665 Rhodrh,

124 2669 201 2729 haud
232 2672 354 2732 nescium
381 2670 480 2747 quibus
499 2669 724 2728 insectationibus
745 2674 848 2750 petitus
869 2675 957 2732 toret:
990 2675 1043 2734 sed
1064 2680 1142 2735 tan

126 2751 338 2818 mansuetndinis
350 2756 453 2832 agebat
465 2758 511 2832 ut,
532 2773 594 2815 cum
606 2760 670 2816 orta
681 2761 832 2839 tempestas
846 2764 957 2838 raperet
975 2757 1007 2818 in
1025 2759 1141 2840 nhrnphr

125 2913 336 2933 ..αι-ιη

194 2992 258 3074 Gap:
267 3005 311 3063 54.
329 3007 416 3078 Igitur
428 3008 461 3061 ah
470 3006 518 3060 llio
531 3008 592 3076 eta]
608 3009 692 3061 Codex
703 3011 793 3063 hahet:
810 3009 899 3080 Igitur
909 3010 963 3063 ullo
978 3003 1095 3081 protam
1103 3010 1142 3066 tii

124 3083 172 3129 etc.
206 3078 275 3128 Unde
295 3079 470 3143 Freinshemius
488 3081 561 3129 tecit:
583 3077 671 3147 Igitur
685 3080 734 3131 llio
753 3096 867 3147 praeque
881 3081 918 3132 tii
932 3087 992 3142 etc3
1011 3083 1139 3134 Heinsius:

124 3146 212 3216 Igitur
225 3147 258 3198 nh
271 3145 329 3209 llio,
341 3161 455 3214 quaeque
466 3146 503 3198 ihi
516 3152 564 3201 etc.
580 3163 651 3210 quam
663 3152 791 3200 lectionem
802 3166 855 3200 cum
867 3151 979 3200 Bekirero
990 3153 1138 3203 retinuimus.

121 3217 139 3266 i
154 3219 211 3265 Ser.
225 3216 309 3266 Vater.
328 3218 353 3265 in
366 3218 525 3267 arimannis
542 3219 609 3267 locon
629 3220 745 3280 quosdam
764 3233 795 3269 es
809 3219 947 3269 Midliem.
970 3225 1033 3268 orat.
1051 3221 1140 3272 Tacito

121 3289 169 3334 ete.
190 3285 262 3333 editis
278 3286 352 3333 lenae
370 3283 445 3336 1796.
463 3302 488 3347 p.
499 3283 543 3336 ³5.
563 3287 690 3346 legendum
705 3288 806 3336 suadet:
824 3286 911 3353 Igitur
929 3286 1004 3338 ndito
1020 3286 1074 3338 llio
1090 3294 1137 3338 etc.

120 3354 228 3413 eleganti
242 3352 395 3408 coniectura,
412 3366 482 3413 quarn
500 3353 536 3402 tta
552 3355 642 3416 probo,
659 3355 780 3418 ntiegere
793 3358 878 3407 veiim:
897 3354 985 3426 igliur
999 3355 1075 3410 ndito
1088 3355 1137 3410 iiio

86 3454 91 3463 .
118 3432 233 3484 quaeque
246 3416 303 3468 alin
314 3417 351 3469 tn·
366 3424 413 3467 etc.
522 3441 525 3448 ·
