2350 3817
114 201 180 288 ‘sse
258 217 266 227 ·
305 215 981 283 urerer-uuunnrnurmuv..

115 374 226 437 mitiora
250 359 405 435 obtendes
428 377 569 433 missurum
590 374 628 433 nt
652 378 833 452 imperatorem
850 352 1013 433 'Romanuin
1038 373 1142 453 legatos

116 459 312 539 npeperendo
323 460 450 518 mmmm
463 460 635 537 etfirrnnnda
643 479 710 538 poce
721 461 880 538 respondet.
901 459 1050 520 Monesen
1063 466 1142 521 ornit-

114 551 169 605 tere
184 543 404 620 Tigranocertam
417 544 511 616 iubet3
530 546 594 622 ipse
608 552 681 604 retro
694 547 829 604 concedit.

202 627 249 688 Vl.
271 630 351 712 Haec
362 628 456 708 plures
474 634 507 686 nt
520 629 668 707 formidine
680 636 752 706 regis
772 636 798 688 ct
814 629 969 688 Corbulonis
988 635 1075 690 minis
1086 652 1141 709 pa-

116 721 193 775 trate
205 715 351 791 magnifice
363 712 537 773 extollebant.
559 713 605 772 ulii
618 715 719 773 occulte
736 719 869 793 pepigisse
883 716 1142 794 interpretabantur

115 806 148 859 ut
162 803 256 858 onnrro
267 803 400 877 utrimque
413 798 480 856 bello
493 795 520 855 et
531 800 640 858 abeunte
653 800 778 875 Vologese
786 800 920 875 Tigranes
932 803 1140 878 quoqueArme-

114 889 164 943 mtc
184 884 339 942 abscederet.
370 902 417 941 rur
431 886 500 941 enim
514 889 656 943 mucetum
671 884 824 943 Romanum
837 904 856 941 a
873 884 1081 961 Tigranocertis
1096 886 1142 945 de-

90 967 247 1029 cormunt
268 989 315 1027 cur
335 968 437 1027 dmertn
446 988 495 1045 per
510 973 594 1027 otium
609 989 676 1046 pune
695 970 762 1027 bello
760 969 971 1047 defenderant?
992 992 1033 1028 un
1046 972 1142 1030 melius

115 1055 317 1113 ltbenreoirre
304 1075 334 1113 cn
345 1059 462 1111 extrema
477 1052 664 1132 Cappadocia,
684 1057 783 1131 ruptim
794 1058 886 1113 erectis
900 1059 1040 1131 tuguriis,
1060 1075 1142 1135 quun

114 1140 217 1200 insede
230 1159 305 1215 regnu
300 1123 396 1197 mollo
410 1140 524 1196 ruenti?
543 1139 632 1198 duale
642 1159 751 1216 prorsus
764 1160 857 1212 amon,
879 1146 911 1198 ut
925 1141 1090 1217 Vologeses·
1082 1159 1141 1200 cum

115 1225 172 1284 ulio
184 1241 268 1302 pram
281 1243 340 1282 cum
356 1223 497 1283 Corbulone
518 1231 646 1298 certaret,
675 1224 787 1282 Corbulo
808 1228 916 1284 meritae
935 1232 975 1283 tot
988 1247 1041 1304 per
1056 1248 1141 1286 rumor

90 1309 221 1388 Sgloriuc
233 1329 286 1367 non
299 1308 373 1366 ultro
380 1308 528 1384 periculum
536 1308 651 1386 faceret
672 1329 752 1383 nam,
773 1315 804 1367 ut
815 1310 908 1384 retuli,
928 1312 1079 1389 proprium
1090 1314 1141 1371 du·

116 1414 176 1455 cem
186 1396 308 1454 tuendae
319 1392 466 1453 Armeniae
479 1399 662 1472 poposcerat,
683 1400 711 1453 et
721 1395 871 1453 adventure
879 1393 1056 1455 Caesennius
1067 1398 1140 1457 Pae·

114 1480 347 1538 tusuudiebntnr.
377 1478 487 1556 iamque
506 1480 618 1551 aderet,
641 1479 726 1557 copiis
746 1480 786 1537 ita
805 1480 915 1554 divisis,
935 1487 969 1538 nt
990 1488 1094 1558 quarta
1113 1489 1141 1541 et

94 1559 279 1624 ‘duodecima
298 1563 422 1638 legiones
444 1564 539 1620 addita
551 1564 661 1639 quinta,
678 1573 755 1640 quae
775 1583 871 1623 recens
890 1585 906 1624 e
921 1565 1032 1625 Moesis
1049 1568 1140 1626 excitu

115 1656 192 1722 erat,
212 1647 295 1706 simul
308 1648 424 1705 Pontico
441 1653 470 1706 et
485 1647 647 1706 Galatarum
661 1649 915 1726 Cappadocumque
930 1651 1032 1710 auxilia
1047 1652 1137 1711 Paeto

114 1693 278 1806 obedirent,
298 1733 381 1791 tertia
395 1736 515 1791 etsexta
528 1739 557 1791 et
569 1732 676 1790 decima
689 1732 814 1808 legiones
827 1733 960 1811 priorque
971 1736 1074 1813 Syriae
1087 1737 1137 1795 mi-

118 1817 160 1878 les
178 1819 254 1897 apud
269 1809 457 1875 Corbulonem
477 1822 635 1888 manerent,
657 1823 748 1877 cetera
763 1837 799 1876 ex
817 1836 910 1876 rerum
927 1840 980 1877 usn
997 1822 1138 1880 sociarent

91 1905 325 1983 lpartirentnrve
361 1903 412 1960 sed
432 1920 523 1999 neque
545 1900 667 1960 Corbulo
687 1901 786 1962 aemuli
809 1903 939 1979 patiens,
968 1911 998 1964 et
1018 1901 1137 1980 Paetus,

115 1989 159 2047 oui
169 1990 236 2046 sutis
245 1987 283 2045 ad
295 1987 411 2063 gloriam
422 1986 511 2045 erat
489 2006 513 2043 n
524 1985 663 2066 proximus
676 1985 838 2058 baberebu,
858 1987 1033 2065 despiciebat
1047 1997 1139 2066 gesta,

33 2103 39 2120 a
113 2073 184 2132 nibil
199 2072 298 2133 coedis
302 2078 352 2130 ont
360 2071 493 2150 mordeo,
514 2077 659 2149 usurpetur
670 2074 862 2130 nominetenus
872 2074 978 2132 urbium
991 2094 1137 2153 expugna·

94 2185 97 2188 ‘
114 2163 199 2217 tiones
215 2159 358 2218 dicimus:
387 2175 415 2216 rc
428 2156 531 2215 tribute
543 2175 577 2215 nc
593 2156 665 2234 leges
678 2162 704 2215 ct
714 2176 766 2237 pro
782 2156 877 2276 umbra
892 2163 964 2236 regis
978 2158 1137 2221 nomm

112 2248 158 2306 ius
170 2247 251 2305 victis
263 2247 454 2321 impositurum.

199 2328 260 2388 Vll
281 2329 340 2387 Sub
354 2329 429 2407 idem
441 2333 550 2406 tempus
562 2325 648 2404 legati
660 2327 825 2404 Vologesis,
847 2346 918 2406 quos
929 2328 966 2386 ad
980 2327 1137 2407 principa

113 2415 214 2475 missos
228 2414 392 2486 memorari,
413 2419 551 2473 revertere
565 2414 633 2470 irriti
640 2413 825 2489 ‚bellumque
836 2412 980 2491 propalam
995 2420 1136 2491 sumptum

114 2499 264 2561 aParthis'.
296 2518 349 2557 nec
346 2457 469 2557 l'betus
485 2499 662 2570 detrectavit,
684 2500 736 2566 sed
749 2498 860 2556 duabus
871 2497 1045 2573 legionibus,
1067 2516 1135 2574 qne·

113 2583 313 2706 rnm'quartam
325 2582 512 2688 Funisulanus
528 2577 711 2644 Vettonianus
734 2602 769 2643 eo
790 2582 982 2664 intempore,
1003 2583 1134 2645 duodetri-

174 2858 421 2943 ligranoccrtam]
443 2878 486 2928 Sic
499 2876 560 2928 Bul.
579 2893 623 2943 pro
642 2873 843 2947 Tigranocerta.
867 2876 947 2930 lned.
962 2891 999 2943 pr.
1016 2874 1129 2931 mamm

117 2942 342 3013 Tigranocertam.

171 3033 244 3095 ·Cap.
258 3031 283 3083 6.
306 3029 465 3099 magnifice]
488 3034 530 3083 Sic
542 3034 641 3084 Ernesti
654 3019 668 3093 e
682 3034 776 3083 Puteol
792 3046 836 3095 pro
846 3045 879 3080 no
892 3031 1054 3100 magnifica,
1073 3028 1131 3094 quod

114 3115 132 3151 a
143 3101 220 3149 Rben
235 3101 311 3150 iude
304 3115 328 3149 m
339 3116 426 3150 omnes
439 3102 493 3150 edd.
508 3107 591 3165 venit,
603 3104 663 3152 nisi*-
670 3104 733 3165 qnod
747 3102 875 3152 nonnullae
889 3116 943 3150 euru
953 3104 1038 3155 Guell.
1052 3108 1080 3152 et
1091 3115 1131 3163 pro

115 3185 148 3219 nc
168 3172 293 3232 praebent.
319 3171 347 3218 In
364 3170 402 3218 ed.
419 3184 455 3231 pr
475 3176 567 3221 tuntum
585 3174 673 3235 legitur
689 3171 803 3252 patenter
819 3169 988 3221 'estollebnnt
1016 3172 1061 3222 Cd.
1078 3172 1131 3231 Agr·

113 3252 193 3300 punc
181 3244 225 3285 cra
241 3253 273 3285 ac
285 3252 376 3303 magn.
401 3238 458 3285 Mox
473 3240 510 3285 ed.
523 3255 559 3302 pr.
576 3238 803 3306 iigrnnooertiu
782 3254 836 3288 sine
847 3241 1028 3302 praepositione
1041 3255 1067 3289 a.

94 3363 99 3382 Ι
114 3319 330 3435 ὦργεῖοι.
306 3318 481 3371 Funisulanuo
496 3320 583 3388 Vnt]
605 3326 647 3374 Sic
660 3323 707 3375 ln
721 3323 788 3376 Flor.
806 3328 832 3375 et
846 3325 885 3374 ed
900 3340 937 3390 pr.
950 3324 1032 3418 llnlgn
1044 3318 1130 3376 Fut
