2350 3817
97 216 163 283 ras
290 166 747 275 nncrrr'lnnimnn
771 208 857 273 ure.
883 207 932 271 nr.

95 375 151 442 tor,
169 364 311 425 Brutidius
322 361 415 440 Niger
428 362 525 424 aeoliis
537 361 620 421 simul
632 330 798 450 eorripinut,
818 363 1016 438 obiectantque
1035 360 1131 420 niola-

97 459 154 525 tuan
168 452 291 527 Augusti
300 467 412 547 nannet,
433 453 548 526 spretam
565 446 669 507 Tiberii
680 453 855 521 nointsten,
876 447 1036 506 Mamercus
1052 446 1134 515 anti-

96 555 154 613 qna
166 535 317 614 exempla
309 533 431 608 taciens,
451 533 487 594 L.
506 532 646 590 Cottone
660 533 787 612 Scipione
799 526 951 611 Africum,
974 530 1037 596 Ser
1052 529 1133 591 Gar·

71 621 448 694 ttamuGrtnteenrrorio,
470 616 505 676 Ρ
518 600 659 676 Rutilium
679 616 758 677 ιιΜ.
774 616 1048 685 Smnromnuntos.
1085 615 1166 697 vi-¹

42 737 51 751 ι
96 706 197 766 delicet
209 706 303 784 Scipio
319 710 348 763 et
362 704 436 762 Cato
449 702 516 762 talia
528 702 740 777 ulciseebantur,
760 709 809 762 aut
823 702 870 761 ille
882 704 1015 775 Scaurus,
1038 719 1132 778 quen

87 809 228 870 proavum
239 808 320 849 suum
335 788 515 868 opprobrium
529 788 662 845 maiorum
681 786 839 846 Marnercm
852 787 948 857 infami
963 805 1053 864 opera
1073 786 1131 846 ‹le-

95 875 270 948 honestabat.
299 873 388 933 lunio.
400 872 506 939 Othoni
525 870 686 932 litteratim
705 872 810 956 ludum,
823 890 951 932 exercere
971 876 1053 929 vetus
1076 889 1130 931 ars

97 961 164 1018 fuit:
183 978 249 1018 mox
262 958 357 1018 Seiani
367 956 492 1036 potentia
503 962 618 1016 senator
630 958 748 1015 obseura
761 956 1058 1035 irritiaimpndeutibus
1073 974 1129 1017 au-

74 1045 138 1107 aris
159 1042 340 1123 propellebat
356 1041 525 1100 ‘Brutidium
545 1041 651 1099 artibus
670 1041 795 1101 honestis
812 1041 953 1120 eopiosum
971 1045 1018 1114 et,
1040 1040 1066 1097 si
1079 1058 1129 1099 re-

97 1135 173 1187 ctum
189 1129 242 1187 iter
253 1132 399 1206 pergeret,
422 1128 460 1184 ad
479 1125 631 1184 clarissima
643 1145 773 1203 quaeque
783 1127 893 1187 itunun
912 1126 1055 1186 festinatio
1073 1144 1128 1183 ex-
1150 1150 1156 1155 ·

18 1264 25 1275 „
97 1211 270 1286 stimulabat,
290 1210 357 1269 dum
378 1210 526 1287 aequales,
547 1210 614 1269 cleiu
635 1212 810 1288 superiores,
835 1217 978 1289 postremo
996 1215 1127 1270 suasmet

97 1299 159 1376 ipse
175 1317 241 1377 spes
252 1296 358 1355 anteire
372 1304 469 1373 parat:
498 1296 576 1372 quod
589 1293 694 1353 multos
706 1294 788 1354 etiarn
801 1296 891 1354 bonos
904 1314 1018 1374 pessum
1031 1295 1126 1369 desiit,

97 1381 146 1458 qui
158 1382 259 1460 spretis
273 1399 347 1459 quae
360 1380 441 1457 tarila
456 1398 518 1440 cim
531 1379 694 1457 securitate,
709 1385 886 1461 praematura
904 1379 953 1441 rel·
961 1400 1023 1442 cum
1037 1381 1124 1441 exitio

117 1486 149 1524 ro
186 1472 257 1524 rant
336 1512 340 1515 ⁷

95 1486 116 1546 p
133 1486 295 1611 ΡΘ134711
315 1546 427 1612 limera
446 1568 591 1610 urmterurn
604 1555 794 1610 aonusatorrun
808 1550 915 1611 Gellius
926 1547 1072 1629 Poplicola
1091 1555 1125 1611 et

96 1632 138 1692 Μ
150 1632 305 1709 Paeonius,
325 1635 371 1695 ille
386 1640 518 1712 quaestm
530 1635 635 1709 Silani,
655 1635 699 1695 hie
721 1636 837 1712 legatis.
866 1656 919 1696 uec
936 1636 1051 1695 dnbiruu
1069 1631 1123 1694 lna·

95 1719 213 1778 bebatur
240 1720 372 1779 saevitiae
398 1725 597 1798 septenumque
618 1721 796 1796 peomianuu
822 1721 910 1780 teneri
938 1738 1032 1779 rerum:
1069 1719 1124 1778 sed

72 1876 74 1879 ι
95 1802 184 1862 multa
203 1804 409 1883 aggerebantur
428 1804 511 1863 etiam
530 1803 872 1883 insontibuspetieulosa,
893 1823 956 1865 cum
976 1823 1064 1883 super
1078 1809 1124 1862 tot

95 1893 237 1948 senatores
251 1890 385 1948 adversos
399 1887 603 1947 facundissimis
619 1887 812 1963 totiustrlsiae
825 1909 915 1968 eoque
935 1889 973 1949 ad
987 1907 1122 1948 aennen-

84 1973 163 2031 ¹‹lnrn
178 1971 291 2032 delectis
305 1973 489 2051 responderet
500 1972 577 2030 solus
591 1978 620 2032 et
633 1974 733 2032 orandi
748 1974 868 2050 nescius,
886 1973 1002 2052 proprio
1015 1974 1047 2031 in
1061 1992 1122 2033 me·

94 2064 149 2130 tn„
162 2056 212 2133 qni
226 2058 374 2116 exercitam
388 2075 502 2134 quoque
514 2056 698 2134 eloquentiam
714 2057 854 2132 debilitat,
875 2078 934 2117 non
946 2064 1122 2138 temperante

96 2140 212 2201 Tiberio
226 2140 295 2217 quin
308 2148 450 2219 premeret
459 2160 544 2216 vooe,
564 2141 657 2215 vultu,
679 2143 805 2218 eoquod
821 2143 882 2220 ipse
899 2142 1065 2203 creberrime
1078 2143 1122 2202 in-

97 2224 277 2300 terrogabat3
296 2243 390 2301 neque
404 2224 530 2285 refellere
542 2232 591 2284 aut
604 2224 716 2286 eludere
730 2227 864 2302 dabatur,
886 2247 920 2287 ae
934 2245 1022 2306 saepe
1036 2230 1122 2289 etiem

70 2308 284 2373 2eonlitendnm
297 2315 375 2386 erat,
394 2308 432 2369 ne
445 2311 548 2369 frasne
560 2308 749 2387 quaesivisset.
781 2330 877 2385 servos
896 2330 1008 2389 qnoque
1021 2312 1121 2390 Silani,

94 2399 126 2452 ut
143 2392 289 2454 tormentis
307 2394 556 2470 interrogarentur,
578 2401 656 2453 actor
670 2394 796 2472 publicus
813 2397 950 2475 mancipio
964 2406 1121 2476 aeceperat.

94 2484 124 2539 et
136 2477 249 2555 nequis
259 2478 477 2539 necessariorum
491 2479 597 2541 iuvaret
607 2478 817 2556 periclitantem,
837 2481 990 2541 maiestatis
1006 2478 1122 2542 nimina

92 2563 299 2638 subdebantur,
318 2563 436 2622 vinclum
450 2569 481 2622 et
492 2564 645 2629 necessitas
657 2562 764 2623 silendi
799 2564 890 2642 igitur
903 2567 995 2646 petito
1015 2586 1121 2645 pauea-

92 2665 154 2706 rmu
168 2648 274 2707 dierum
286 2647 437 2707 interiectu
445 2647 635 2707 defensionem
647 2648 693 2706 sui
704 2649 842 2724 deserunt,
867 2652 942 2709 ausis
958 2651 997 2711 ad
1010 2653 1119 2713 Caesa·

93 2732 154 2791 rem
169 2731 314 2808 codicillis,
335 2733 436 2810 quibus
450 2731 579 2792 insiciam
594 2738 623 2793 et
633 2752 733 2815 preces
745 2732 901 2797 nucum
1012 2760 1015 2764 ⁴

90 2916 92 2921 ·
162 2899 223 2964 Cap.
243 2897 286 2952 66
307 2896 489 2967 propellebat]
517 2903 556 2954 ln
573 2903 711 2954 Groslotius
727 2903 884 2968 probantibus
902 2903 987 2969 Llpslo
1007 2902 1121 2968 aliisque.

93 2968 164 3020 Aliae
188 2967 305 3017 lectiones
325 2970 596 3037 inopportune,
640 2970 815 3040 amoenetur
842 2978 953 3039 praetor
971 2974 1120 3039 polluebat,

88 3033 331 3174 ρρρῖρέρρέρκῠπ,
322 2983 514 3105 ,protollebot
526 2987 705 3110 propabtar,
718 3008 915 3110 praeponebat,
934 3043 1119 3112 nocoloetar,

163 3177 224 3238 Cap.
242 3171 285 3226 67.
302 3170 457 3241 Poplicola]
474 3177 551 3229 lned.
564 3176 708 3230 Publicola.
794 3196 800 3201 ’

163 3242 407 3325 interrogarentur]
424 3244 503 3308 Vulgo
515 3243 720 3328 interrogentur,
738 3247 802 3310 qnod
810 3247 905 3312 lipsius
917 3250 1030 3300 mutarit

96 3309 402 3434 (samareon
400 3312 490 3366 codex.
508 3313 616 3366 Faernus
628 3314 730 3379 ιιιίιιίι,
748 3317 885 3368 Groslotins
903 3316 986 3381 meis,
1007 3318 1118 3385 Bpoliis
