2350 3817
102 208 180 274 ω
281 204 454 308 taem
479 203 746 268 naamon.
761 203 853 267 Uli.
867 203 947 266 XVI.

101 359 185 420 aaa
205 362 371 421 erardum
389 360 615 438 sumpturae
636 360 763 433 urbana,
783 360 871 421 'amet
889 360 1134 432 ιιῑῆιιιιιιιιιιιιῗιι

101 445 174 505 licet.
196 446 278 504 detur
291 447 345 504 boc
362 446 543 503 illustrium
517 465 640 502 rarorum
653 447 826 523 posteritati,
854 452 903 542 ut,
921 447 1067 521 quomodo
1081 464 1134 503 ex·

102 531 207 607 sequiis
228 531 423 608 apromircua
434 529 578 607 sepultura
597 536 779 607 separantur,
804 531 873 587 ita
866 550 897 587 ιιι
910 530 1064 588 traditione
1079 549 1134 590 su-

86 645 89 652 *
102 635 260 695 promarum
273 615 408 692 accipiant
417 616 596 691 habeantque
611 616 751 692 propriam
764 616 935 674 memoriam.
1169 659 1170 718 l

59 711 63 716 ⁴
187 717 276 775 XVll.
303 716 412 774 Paucos
433 716 539 792 qnippe
561 716 634 772 intra
655 716 716 774 dies
737 717 836 774 eodem
859 716 971 791 agmine
991 711 1129 772 Annaeus
1169 729 1170 780 ι

103 797 205 876 Νι,
227 801 344 860 Cerialis
358 799 487 872 Anicius,
498 800 607 857 ‘Rufius
626 799 772 876 Crispinus
796 820 830 857 ae
843 801 878 857 C.
892 802 1040 874 Petronius
1055 800 1132 858 reci·

102 888 177 946 dere.
205 887 292 945 Mella
313 894 343 944 et
360 885 506 961 Crispinus
529 886 637 961 equites
657 884 793 958 Romani,
821 886 962 960 dignitate
974 884 1130 944 senatoria.

102 991 167 1031 nam
179 971 222 1030 hic
234 972 375 1047 qnondam
393 970 550 1048 praefectus
570 970 703 1045 praetorii
717 971 748 1028 et
765 970 957 1034 consrrlan‘bus
969 969 1129 1045 insignibus

102 1059 223 1115 donatus
241 1074 274 1113 ac
291 1073 382 1132 nuper
402 1055 513 1113 crimine
523 1054 723 1132 coniurationis
738 1055 768 1111 in
780 1055 940 1112 Sardiniam
953 1061 1130 1113 macnn'ac

76 1147 185 1219 inepto
198 1142 291 1200 iussae
300 1139 400 1197 mortis
415 1139 513 1196 nrmtio
527 1138 771 1219 sernetinterfecit.
800 1138 894 1212 Mella,
916 1141 1021 1215 quibus
1034 1137 1128 1197 auto

103 1233 132 1286 et
145 1227 269 1297 Seneca,
289 1224 451 1302 parentibus
473 1231 554 1282 natus
572 1221 717 1301 petitione·
728 1224 863 1281 honorum
881 1224 1058 1282 abstinuerat
1078 1239 1128 1300 per

102 1311 278 1368 ambitionem
299 1313 523 1389 praeposteram,
544 1315 576 1365 ut
596 1327 690 1384 eques
702 1308 846 1366 Romanus
862 1309 1058 1366 consularibus
1078 1327 1126 1385 po-

21 1410 28 1420 ‘
102 1396 189 1453 tentia
200 1399 380 1470 aequaretur3
400 1391 482 1450 simul
496 1394 680 1469 acquirendae
691 1393 825 1471 pecuniae
838 1394 949 1451 brevius
963 1394 1018 1452 iter
1031 1394 1126 1451 crede·

102 1479 150 1538 bat
163 1478 435 1557 per'proeruatioues
449 1477 674 1538 administrandis
684 1478 815 1554 principis
830 1477 960 1554 negotiis.
984 1478 1063 1537 idem
1069 1475 1125 1534 An·

75 1574 202 1633 auarum
218 1563 361 1622 Lucanum
377 1569 521 1640 genuerat,
542 1563 651 1642 grande
664 1559 850 1622 adimneutrmr
864 1562 1049 1623 claritudinis.
1069 1579 1122 1638 quo

101 1651 247 1711 interfecto
260 1652 328 1708 dum
339 1669 398 1708 rem
418 1651 580 1710 familiarem
600 1651 660 1709 eius
673 1650 771 1708 uenter
790 1649 914 1724 requirit,
926 1655 1122 1708 ..accusatorem

100 1737 217 1796 concivit
229 1735 347 1793 Fabium
358 1734 531 1810 Romanum,
540 1755 575 1795 ex
592 1735 693 1794 intimis
706 1733 811 1804 Lucani
822 1733 924 1791 amicis.
955 1739 1048 1793 aurato
1058 1736 1122 1791 inter

95 1827 201 1899 patrem
208 1820 350 1898 filiamque
365 1824 554 1879 coniurationis
568 1824 680 1879 scientio
694 1821 831 1897 fingitur,
852 1818 1023 1877 assimulatis
1035 1819 1124 1878 Luca·

99 1907 129 1965 ni
143 1907 251 1965 litteris
279 1923 349 1981 quas
368 1905 508 1984 inspectas
523 1906 602 1966 Nero
612 1906 690 1984 ferri
699 1905 748 1962 orl-
761 1919 819 1962 earn
832 1903 927 1975 iussit,
950 1905 1049 1983 opibus
1063 1904 1122 1961 eius

75 1989 219 2053 linhiaus.
241 1994 271 2048 at
290 1988 392 2064 Mella,
414 1998 563 2067 quactum
585 1989 793 2069 promptissima
812 1988 909 2048 mortis
928 1989 990 2063 via,
1009 1987 1123 2048 exsolvit

9 2085 10 2144 ἶ
99 2094 202 2149 venas,
221 2076 346 2160 scriptis
350 2075 498 2150 redditis,
527 2077 628 2162 quibus
648 2077 783 2150 grandem
802 2074 947 2154 pecuniam
960 2075 990 2131 in
1006 2071 1123 2151 Tigelli·

9 2157 10 2194 ³
99 2178 166 2220 num
187 2178 376 2237 generumque
400 2162 460 2219 eius
482 2122 679 2219 Cossutianum
700 2162 866 2239 Capitonem
883 2160 1038 2235 erogabat,
1067 2178 1121 2236 qao

98 2252 191 2305 cetera
210 2251 362 2306 manerent
391 2247 502 2304 additur
522 2246 652 2305 codicillis
675 2252 816 2348 tamquam
838 2247 874 2304 de
886 2245 1032 2320 iniquitate
1050 2245 1119 2305 exitii

98 2349 218 2406 querens
240 2330 279 2388 ita
300 2329 461 2418 sqquisse,
490 2352 517 2389 se
540 2332 645 2411 quidun
664 2334 733 2389 mori
756 2332 840 2388 nadib
859 2328 988 2407 supplicii
1007 2334 1118 2404 causei,

98 2416 214 2494 Rufiam
227 2422 315 2474 aretem
339 2414 489 2491 Crispinum
509 2422 534 2474 et
555 2417 680 2477 Anicium
696 2416 825 2475 caeam
847 2420 907 2473 aito
922 2414 1119 2513 fratrafernes

73 2504 220 2579 Spnncipi.
250 2519 321 2576 quae
337 2501 489 2577 composita
509 2499 693 2562 credebantur
707 2502 743 2561 de
762 2501 908 2579 Crispino,
929 2501 996 2576 quia
1006 2501 1117 2561 iuterfe-
1158 2519 1167 2562 ι

99 2592 160 2645 ctus
176 2591 252 2661 erat,
273 2587 313 2662 de
328 2585 453 2672 Ceriale,
474 2593 505 2646 ut
523 2587 737 2647 interficeretrm
757 2586 939 2666 nequeenim
952 2586 1056 2645 multo
1057 2592 1117 2666 post

98 2781 306 2795 m
392 2786 394 2790 .

87 2859 89 2862 .
104 2860 109 2867 ·
826 2843 847 2868 ό

167 2914 228 2977 Cap.
243 2863 285 2966 li.
304 2866 501 2979 crateram]
519 2913 671 2964 Praencmen
693 2909 732 2984 Cr,
747 2875 985 2974 moderantior.
999 2911 1115 2962 Gueltet

9 2997 10 3003 ¹
99 2979 159 3033 vett
178 2984 232 3032 edd
250 2984 337 3043 abest,
360 2984 449 3044 primus
460 2977 579 3031 Rhenan.
599 2963 713 3030 addidit.
734 2982 783 3031 Pro
803 2995 885 3047 nuper
900 2982 924 3030 iu
938 2980 1001 3029 aur
1019 2986 1114 3030 estne-

116 3052 215 3103 arriana
310 3085 315 3093 ι
400 3077 407 3084 ·

94 3066 115 3119 P
163 3118 278 3181 additur
291 3117 456 3169 codicillie-
425 3116 612 3185 -rcrr'psr'sae]
636 3082 697 3174 LF.
712 3120 821 3172 Gronov
839 3121 923 3166 censet
934 3116 1056 3168 Tantum
1062 3118 1114 3167 reli·

53 3192 191 3264 quisse:
225 3188 335 3240 additur
355 3186 495 3249 codicillis,
522 3192 656 3254 tamquam
676 3187 708 3238 de
721 3185 860 3253 {nignitate
878 3183 952 3240 erarii
965 3193 1114 3252 gementem

53 3245 243 3335 ιιιψόἰιιι,
266 3257 330 3315 quod
349 3257 429 3316 placet
446 3224 570 3322 Enlestip.
607 3257 666 3309 Msr.
688 3261 716 3308 et
732 3258 786 3305 edd'
795 3258 831 3304 in
846 3257 946 3316 vulgata
960 3258 1113 3311 consentiunt,

93 3325 134 3368 nis
135 3324 231 3380 iquod
240 3324 328 3380 partim
346 3320 491 3384 rna'pairae‘,
516 3327 604 3382 partim
624 3315 768 3389 reriprieaet
787 3323 966 3377 exhibant-
983 3324 1045 3373 Post
1061 3322 1112 3374 Ra·

89 3385 177 3442 fiam
171 3401 195 3434 ιιι
208 3387 275 3434 Flor.
289 3391 353 3433 teste
365 3388 459 3448 Ryckio
471 3394 558 3439 autem
571 3393 698 3457 scribitur,
714 3406 762 3442 non
774 3397 872 3445 tamen.

131 3512 138 3544 l
