2350 3817
115 176 163 240 ιι
307 169 480 236 ιιιιιι
505 119 772 235 ιιιιιιιιιιιι
799 167 938 294 ulan.

17 370 23 375 -
200 326 249 385 ΙΙΙ.
271 324 360 402 Igitur
378 322 536 386 Artabanus
556 322 755 385 Arsacidarum
778 345 796 385 e
817 281 972 403 sanguine,
994 328 1076 405 apud
1089 321 1157 390 nsi

9 429 10 432 ’
116 411 167 471 has
190 410 315 485 adultus,
345 410 466 486 eicitur,
493 410 640 488 primoque
662 428 815 486 congressu
835 411 915 469 susus
937 417 1056 489 reparat
1076 412 1157 494 m

116 515 260 572 regnoque
279 494 393 575 potitur
412 495 485 553 vitto
500 495 612 553 Vononi
631 496 790 572 perfugirmr
811 492 944 556 Armenia
956 497 1033 573 firit,
1061 507 1162 562 Μ.

115 587 182 639 tunc
203 582 331 657 interque
346 580 513 638 Parthorum
528 585 558 639 et
577 579 720 637 Romanas
743 599 812 658 opes
825 579 913 639 infida
927 567 964 639 ob
980 578 1074 639 soeius
1087 565 1150 644 fi·

41 690 43 696 ·
112 665 202 739 ionii,
229 685 277 743 qur
267 664 466 724 Artavasden
487 683 583 740 regem
602 662 795 724 Armeniorum
818 663 913 742 specie
934 666 1075 725 amicitiae
1088 661 1150 738 ih·

55 791 56 795 ι
85 745 209 824 acuon,
231 750 297 809 dein
321 751 426 809 eatenis
446 755 605 822 oneratum,
626 755 769 828 postremo
784 749 968 808 interfecerat
993 751 1055 809 eius
1074 747 1150 814 ᾗ

115 834 244 894 Artaxias
266 835 398 894 memoria
422 836 510 914 patris
534 835 617 892 nobis
637 835 763 894 infensus
785 834 982 893 Arsacidarum
1002 835 1032 893 vi
1061 851 1150 913 sequ

40 955 43 958 ·
115 937 290 997 regnumque
310 922 417 978 brtatus
438 925 489 979 esi.
512 920 603 978 occiso
622 916 738 978 Artaxia
750 938 802 998 per
815 918 910 978 dolum
924 920 1151 999 propinquam

116 1005 200 1062 datiis
219 1023 237 1063 a
256 1005 380 1064 Caesare
397 1002 537 1065 Anneniis
560 1003 712 1084 Tigranes·
725 1004 917 1080 deductusque
939 1004 970 1061 in
992 999 1150 1081 reguuma

90 1087 232 1148 aliberio
243 1087 367 1149 Nerone
396 1108 449 1147 nee
465 1089 585 1166 Tigrani
603 1089 762 1146 diuturnum
775 1088 923 1187 imperium
938 1089 992 1148 suit
1006 1109 1103 1167 neque
1116 1088 1149 1145 li·

113 1174 189 1234 beris
210 1173 270 1233 eius
293 1191 459 1251 quamquam
473 1173 583 1231 sociatis
603 1192 682 1232 more
704 1173 840 1242 externo
832 1192 862 1231 ιιι
875 1173 1149 1252 matrimonirmare·

113 1276 264 1346 gnuprque
283 1257 383 1318 Dein
371 1277 454 1317 iussu
473 1255 595 1336 Augusti
617 1245 765 1356 impositus
775 1256 948 1319 Artavffldes
966 1264 998 1319 et
1011 1278 1073 1320 non
1085 1259 1148 1322 sine

112 1317 193 1412 elade
207 1348 306 1403 nostra
316 1343 448 1403 deiectus.
563 1382 568 1396 ι

75 1458 95 1473 ν
199 1428 247 1489 iv.
270 1428 401 1490 TumC.
418 1428 532 1487 Caesar
550 1427 763 1528 oomponendae
783 1373 936 1489 Armeniae
937 1426 1131 1528 deligitur.
1119 1445 1146 1488 ns

113 1513 332 1579 Ariobarzanem
351 1513 460 1590 origine
477 1512 594 1572 Medum
617 1513 683 1572 ob
675 1514 815 1591 insignem
829 1514 963 1593 eorporis
983 1515 1146 1594 formamss

113 1599 286 1679 praeclarum
307 1599 429 1657 animun
449 1597 604 1658 volentibus
626 1596 779 1660 Armeniis
787 1601 931 1677 praefecit
951 1597 1145 1661 Ariobarzane

113 1690 206 1744 morte
220 1684 333 1743 fortuita
350 1684 500 1763 absumpto
525 1682 642 1761 stirpem
656 1684 716 1744 eius
735 1683 812 1742 hand
826 1684 1002 1759 toleravere3
1023 1691 1145 1744 lentule·

112 1788 172 1847 que
186 1769 305 1829 saloninae
326 1767 461 1848 irnperio,
487 1767 531 1826 cui
550 1786 655 1827 nomen
675 1767 780 1842 Ειιιο,
802 1787 891 1846 eaque
911 1770 988 1831 brevi
1005 1770 1093 1849 pulsa
1104 1770 1143 1830 irs-

114 1855 183 1915 eerti
195 1854 336 1932 solutique
350 1858 379 1912 et
392 1852 483 1932 magis
498 1853 560 1911 siue
581 1852 695 1914 domino
710 1872 794 1931 quam
805 1854 839 1936 in
851 1854 979 1914 libertate
992 1857 1145 1933 profirgun

90 1939 261 2002 2Vononem
280 1940 311 1999 in
332 1958 450 2017 regnum
471 1938 617 2019 aedpiunt
652 1938 713 1999 Sed
731 1938 784 1998 ubi·
795 1939 917 1999 minitari
933 1937 1100 2008 Artabanus
1117 1943 1144 2001 et

113 2021 217 2108 parurn
227 2026 344 2086 subsidii
357 2026 387 2085 in
399 2024 555 2100 Armeniis,
575 2023 637 2100 vel,
658 2025 683 2083 si
696 2030 794 2085 nostra
804 2027 833 2083 vi
847 2026 1064 2102 defenderetur,
1085 2023 1142 2087 bei·

103 2112 173 2173 'lum
185 2113 322 2172 adversus
335 2110 455 2178 Parthos
469 2110 634 2172 sumendum
646 2116 718 2186 erat,
739 2116 830 2171 rector
842 2111 941 2189 Syriae
955 2112 1089 2173 Creticus
1101 2109 1144 2172 Si·

89 2193 98 2208 '
114 2196 195 2258 lanus
209 2197 327 2257 exciunn
339 2198 469 2256 custodia
483 2196 642 2273 circumdat,
661 2202 793 2257 manente
804 2196 870 2257 luxu
884 2202 913 2257 et
926 2197 1005 2275 regio
1022 2198 1142 2259 nomine

115 2285 191 2362 quod
204 2282 352 2342 ludibrium
364 2287 397 2341 ut
412 2281 537 2360 effugere
549 2284 698 2359 agitaverit
704 2282 849 2358 Vonones,
863 2283 895 2342 in
908 2282 970 2343 loeo
983 2284 1142 2345 reddemus

199 2401 235 2460 V.
265 2402 396 2463 Ceterum
427 2400 543 2461 'liberio
572 2402 649 2461 haud
678 2401 818 2479 iugiatum
846 2403 946 2463 accidit
966 2403 1075 2463 brrbari
1098 2421 1141 2463 res
1170 2423 1171 2478 g

117 2485 260 2562 Orientis,
281 2493 313 2546 ut
327 2507 362 2547 ea
375 2487 468 2586 specie
484 2487 681 2547 Germanicum
695 2488 782 2546 suetis
796 2488 952 2565 legionibus
967 2488 1142 2552 abstraheret

115 2573 251 2651 novisque
264 2573 412 2652 provinciis
433 2573 594 2652 impositum
615 2572 681 2630 dolo
703 2572 785 2631 simul
808 2580 837 2634 et
854 2574 966 2633 casibus
981 2574 1139 2634 obieetaret
1170 2605 1171 2646 ι

90 2655 147 2716 2at
160 2657 221 2731 ille,
244 2664 359 2735 quanto
355 2674 472 2716 aenora
491 2657 522 2716 in
546 2676 609 2718 eum
632 2657 726 2716 studia
745 2658 861 2718 rnilitum
881 2665 910 2719 et
930 2676 1030 2717 aversa
1050 2657 1141 2759 patrui
1170 2653 1171 2660 '

104 2741 261 2816 voluntas,
290 2741 452 2803 oelerandae
466 2742 596 2802 victoriae
610 2742 742 2803 intentior
756 2749 874 2805 tractam
890 2742 1100 2823 proeliorrnn
1073 2763 1139 2817 was,
1170 2795 1171 2804 ,

116 2832 146 2886 et
165 2846 238 2904 quae
258 2826 312 2885 sibi
335 2827 470 2887 tertium
462 2846 519 2888 ram
540 2835 645 2896 aunum
659 2828 830 2907 belligeranti
845 2848 930 2889 saeva
947 2828 991 2889 vel
1003 2846 1140 2912 prospera

115 2997 326 3026 *nup-hd

82 3132 94 3145 .
186 3099 245 3160 Cap.
258 3094 285 3149 3.
307 3096 473 3168 Artabanus]
490 3100 628 3151 Artabanus
642 3101 683 3151 ΙΠ.
697 3099 791 3152 exertus
806 3113 829 3150 a
834 3094 877 3161 14
892 3103 949 3165 post
962 3100 1019 3151 Cir.

185 3164 370 3234 Artuvuadeu]
390 3170 437 3219 Est
448 3173 552 3220 Artavas
554 3172 597 3219 des
610 3172 639 3219 ll

185 3237 245 3298 Cap
261 3235 287 3290 5
301 3238 459 3303 proeliorum
475 3237 543 3303 vias]
561 3238 661 3288 Ernesti
653 3256 727 3289 ιιιιι
700 3254 727 3287 ιιι
722 3238 759 3288 'as
773 3189 888 3299 intelligit
899 3238 994 3288 modurn
1009 3238 1071 3287 belli
1089 3232 1139 3288 eun

115 3303 303 3353 Germanisr
222 3319 303 3365 rrge
304 3320 333 3353 en
318 3306 372 3364 ndi,
395 3308 492 3356 Woifius
506 3312 633 3355 eontraeu
635 3308 810 3357 nrAllemando
823 3309 913 3373 accipit
934 3308 1048 3373 proprie,
1067 3304 1136 3377 cugl-

115 3378 192 3437 tare,
210 3370 300 3437 quibus
311 3371 362 3423 viis
374 3371 473 3425 bostem
487 3373 524 3424 ad
533 3387 654 3439 pugnam
667 3373 780 3430 eliceret
834 3439 836 3442 Ι
