2350 3817
67 219 166 304 „sse
237 177 241 182 ⁴
293 213 866 282 rscmramusmuuum.
895 165 931 280 νζ

185 368 233 432 vl.
254 367 270 404 *
283 370 424 441 Quattuor
439 376 469 431 et
490 371 676 450 qradraginta
690 371 831 431 orationes
853 390 939 450 super
950 383 986 432 es
1001 389 1039 431 re
1053 368 1134 431 babi-

100 462 168 533 tae,
195 475 229 515 ex
243 457 306 533 quis
324 457 359 514 ob
374 462 477 516 metum
490 471 614 535 paucae,
634 456 728 534 plures
742 457 951 519 assuetudine*
962 456 1134 534 midipuds·

72 605 78 610 Δ
100 558 155 598 reru
168 535 218 600 out
232 539 332 599 &aaa
345 540 476 602 inuidiam
488 541 637 600 murorum
655 544 753 599 cesari.
776 542 876 599 *uaso
896 546 936 599 est
943 541 1091 619 furtiuis,
1108 545 1134 599 ἀ

99 624 148 684 ille
162 625 266 706 quiden
274 669 284 699 ,
307 628 357 704 pui.
368 626 496 701 collegam
510 632 536 683 et
549 645 674 702 generum
688 629 840 698 macerat,
861 627 915 683 sibi
926 628 1068 701 ignoscit5
1090 645 1133 685 cc·

75 714 168 784 ztui,
191 725 264 789 quem
275 729 325 787 per
339 709 464 770 ἆεᾶοσοτα
475 710 578 788 foues,
601 729 661 768 cum
674 710 768 767 scelere
780 714 952 788 imsectaatur.
982 712 1133 772 *mamas

101 799 138 854 sit
157 795 188 853 ob
209 798 356 853 amicitiam
368 797 495 854 uccusur'i
512 816 550 854 an
564 800 681 853 amicum
694 814 837 868 accusare,
859 796 933 853 baud
946 795 1132 855 discreverim.

100 881 174 939 *men
194 878 393 956 crudelitatem,
414 901 467 939 meu
488 880 651 939 alemmtiam
666 883 825 957 cuiusquam
840 885 979 958 experiar,
1000 880 1053 938 red
1065 880 1133 938 liber

99 970 126 1024 et
146 953 214 1023 mab
233 967 289 1041 ipsi
304 965 434 1043 probatus
448 966 540 1024 antibo
556 965 713 1042 periculum.
739 981 787 1023 uas
801 966 912 1024 obtestor
926 986 959 1024 ue
973 968 1133 1024 memorium

98 1054 184 1110 nostri
192 1068 241 1128 per
254 1035 394 1108 mouerint
409 1051 570 1128 pumicea
582 1054 741 1124 retineatis,
755 1050 957 1110 adiicimdome
972 1069 1083 1131 propre
1096 1051 1134 1109 iis

40 1137 42 1146 ’
100 1136 214 1216 puifiae
227 1138 335 1212 egregio
341 1134 452 1213 publicu
464 1136 536 1195 mela
550 1136 711 1212 effugerunt.
906 1137 926 1196 ἶ

184 1215 246 1278 VII
274 1218 357 1278 Tunc
377 1219 519 1297 singulos,
544 1227 577 1279 ut
603 1223 700 1297 cuique
721 1219 869 1294 assistere,
893 1218 996 1295 alloqui
1011 1218 1130 1277 'animus

76 1333 78 1338 v
100 1307 170 1377 erat,
190 1305 311 1362 retinens
326 1310 374 1362 aut
386 1305 524 1365 dimittam
539 1311 648 1383 partem
661 1303 716 1363 diei
731 1305 895 1383 absumpsit,
915 1303 1062 1381 multoque
1078 1303 1132 1361 ad-

99 1387 154 1447 buc
175 1394 256 1447 coetu
274 1393 304 1448 et
326 1390 429 1447 umetis
445 1390 614 1471 intrepidum
633 1388 736 1448 vultum
754 1391 813 1448 eius
835 1389 1042 1468 spectantibus,
1065 1406 1130 1447 urm

98 1491 248 1550 superesse
261 1477 372 1551 tempus
385 1476 542 1533 novissimis
555 1473 717 1546 crederent,
738 1473 850 1550 gladio,
871 1492 953 1551 quem
967 1473 1030 1542 sinu
1044 1471 1132 1530 abdi-

66 1569 68 1574 ‘
100 1556 190 1631 derat,
211 1557 340 1616 incubuit
361 1577 453 1637 neque
465 1561 572 1618 Caesar
585 1557 647 1616 ullis
660 1557 816 1617 criminibus
833 1555 1008 1635 aut‘prohns
1022 1556 1130 1615 deiun-

99 1646 172 1702 etun
183 1642 333 1701 inseetams
348 1650 401 1719 est,
421 1664 481 1713 amn
493 1646 524 1704 in
540 1643 671 1703 Blaesum
683 1642 770 1701 multa
781 1644 921 1719 foedaque
932 1642 1129 1700 incusavisset

182 1740 259 1801 VIII.
285 1741 416 1808 Relatum
429 1745 496 1805 inde
515 1741 552 1805 de
571 1744 606 1804 P.
625 1743 737 1803 Vitellio
762 1750 792 1805 et
805 1744 962 1822 Pomponio
982 1743 1128 1802 Seumdo.

77 1824 174 1885 'illum
193 1827 298 1908 iudices
320 1831 475 1906 arguebant
495 1830 616 1889 claustra
630 1832 748 1904 auaui,
769 1833 816 1900 cui
825 1828 983 1908 praefectus
1000 1833 1079 1903 erut,
1102 1832 1129 1886 et

97 1911 241 1973 militarem
255 1918 402 1993 pecuniam
421 1916 498 1974 rebus
519 1920 596 1975 mauis
621 1914 762 1985 obtulissc5
780 1914 875 1974 boica
889 1914 1026 1972 Considio
1041 1932 1129 1991 prae-

98 2002 160 2055 tura
172 2000 267 2058 funeta
281 2000 470 2060 obiectabatur
480 2002 554 2061 Aelii
564 2001 644 2063 Galli
655 2003 788 2073 amicitis,
810 2003 859 2079 qui
866 2003 965 2079 punito
981 1999 1087 2058 Scissis
1098 2002 1129 2060 ia

73 2080 188 2142 sicum
202 2081 344 2163 Pomponii
349 2129 358 2158 ,
381 2087 632 2166 quamfldissimum
644 2087 682 2146 ad
691 2087 855 2159 subsidium,
873 2084 1050 2163 perfugisset
1074 2104 1127 2144 ne·

98 2185 154 2245 que
172 2160 254 2227 aliud
264 2169 482 2248 periclitantibus
501 2172 592 2231 anxilii
604 2192 688 2249 quam
708 2173 738 2231 in
757 2174 873 2230 flauum
884 2170 1042 2230 constantia
1062 2170 1126 2243 risit,

98 2251 147 2328 qui
165 2254 253 2317 ,vades
277 2253 414 2315 exstitere.
443 2276 508 2317 mox
524 2258 628 2328 crebris
641 2257 859 2340 prolationibus,
880 2257 960 2334 ipem
972 2273 1007 2313 ae
1018 2260 1126 2313 metum

97 2336 173 2395 iuxta
183 2344 312 2436 gravatus
324 2338 459 2414 Vitellius,
472 2344 560 2420 petito
574 2362 627 2420 per
640 2342 762 2420 speciem
777 2341 931 2399 studiorum
944 2339 1068 2421 scalpro,
1082 2338 1125 2398 le⁴

71 2438 165 2495 avem
186 2427 270 2482 sotumi
292 2425 369 2483 veuls
387 2426 479 2484 intulit
499 2429 640 2503 vitamque
661 2427 836 2503 aegritudine
858 2423 942 2483 animi
963 2425 1060 2482 finivit.
1094 2430 1126 2483 at

98 2504 287 2585 Pomponius,
307 2507 393 2568 multa
413 2530 521 2568 mamm
531 2511 673 2587 ,celebrantia
693 2516 721 2569 et
734 2511 847 2587 ingenio
861 2509 969 2582 illustri,
990 2510 1058 2567 dm
1072 2509 1125 2567 ad-

97 2599 206 2650 versam
221 2592 362 2654 fortunam
376 2595 606 2671 aequus‘tolerat,
627 2594 741 2655 Tiberio
756 2601 899 2674 superstes
912 2595 973 2652 mic
1050 2649 1057 2658 ,

36 2673 38 2678 ’
181 2667 231 2734 IX.
252 2676 385 2737 Placitum
402 2679 562 2758 posthabui
577 2673 607 2738 iu
621 2679 737 2758 reliquos
752 2680 851 2740 Seiani
863 2679 957 2738 liberas
969 2675 1122 2736 ademere-

98 2764 161 2843 tur,
182 2768 349 2822 vanescente
369 2782 537 2841 quamquam
557 2766 647 2844 plebis
662 2766 718 2840 ira,
746 2783 780 2823 ae
800 2764 940 2843 plerisque
960 2783 1013 2841 per
1026 2764 1123 2842 priora

1 2855 2 2862 ’
97 2841 231 2923 sispplicia
245 2845 344 2905 lenitis.
366 2848 451 2924 igitur
465 2857 612 2926 portantur
629 2852 658 2908 in
670 2851 822 2923 carcerem,
837 2850 910 2907 filius
920 2849 1121 2907 imminentium

96 2929 262 3006 intelligens,
282 2931 376 3010 puella
390 2934 576 3013 adeolnescia,
597 2942 629 2994 ut
642 2935 738 2993 crebro
752 2936 934 3012 interrogaret
948 2932 1018 3011 prod
1031 2934 1063 2990 ob
1075 2933 1122 2991 dc-

95 3012 189 3075 lictum
204 3019 230 3073 ei
246 3036 297 3094 quo
309 3017 479 3078 traheretur?
504 3040 587 3101 meque
595 3021 739 3101 facturum
752 3019 841 3094 ultre,
858 3025 888 3080 et
897 3038 973 3099 pesse
983 3038 1011 3077 re
1018 3017 1124 3098 puerili

96 3196 185 3245 mium!
202 3195 259 3244 Non
271 3200 375 3260 paginae
388 3201 488 3262 aliquot,
504 3203 549 3252 sed
561 3204 616 3253 libri
628 3204 668 3253 bic
681 3205 911 3268 pertemptandos
925 3204 1060 3267 gestatore
1073 3194 1122 3254 tis·

73 3265 76 3270 ’
98 3263 165 3309 ennii
177 3261 360 3315 continebantur
400 3269 432 3315 de
444 3271 590 3333 Agrippiuae
603 3274 751 3333 liberumque
770 3276 914 3332 eraserim,
932 3275 963 3321 de
976 3274 1061 3321 Seiani
1076 3289 1122 3336 spe

97 3329 245 3385 conatuque,
267 3330 299 3376 de
322 3302 427 3381 eiusdem
445 3351 497 3386 cum
509 3341 605 3398 agmine
618 3342 746 3389 amicorum
759 3347 856 3405 strage,
871 3341 1007 3393 senuna
1019 3332 1122 3404 flagitiis

76 3401 81 3410 ‘
98 3394 126 3441 st
135 3396 227 3441 moue:
244 3394 277 3441 sd
288 3409 402 3449 summam
415 3401 459 3451 flos
470 3405 539 3466 qussi
552 3405 669 3457 historiae
682 3413 748 3461 tusca
772 3407 846 3477 laipr·
862 3419 864 3426 “
