2350 3817
320 186 368 248 n.
387 186 425 248 u.
441 185 568 285 cens.
610 184 766 255 s.c.1o.
1014 184 1057 253 ot
1163 164 1164 171 ‘

9 372 25 397 i·
43 347 94 399 *rut
104 341 236 421 supplex,
258 342 311 401 sed
325 359 360 400 ex
374 340 506 400 munoria
517 340 617 418 prioris
629 338 770 400 somnae:
791 359 852 400 uum
866 340 958 400 solbs
968 344 1084 408 cratin
1164 362 1165 407 g

15 416 27 467 ι’
49 427 118 483 sibus
129 427 307 485 clarissimum
319 425 449 504 cumdum
461 444 546 501 regem
566 425 605 483 ud
617 445 645 484 ss
660 427 814 484 uocantibus
825 425 975 485 Bassaricas
989 428 1058 484 ant-

9 532 20 573 :t
31 508 40 525 '
51 512 314 588 compressisse.
343 529 543 588 responsurus
557 500 691 591 Caesare
701 515 790 568 tactust
809 514 837 568 et
856 512 1060 588 annuumque

12 614 19 637 ¹
41 595 169 655 sedus-tn
182 596 270 655 Italic
281 596 361 674 fore,
384 598 552 653 simet:
580 598 622 653 stu
642 596 719 653 rebus
733 599 790 654 erus
807 595 886 655 uliud
897 595 1059 668 cmducaet,

9 690 20 735 .⁴
48 679 176 738 warum
185 682 245 761 side
261 701 315 758 pasc
332 682 453 738 amosa.
486 685 611 745 ceterum
625 682 702 757 apud
721 687 848 739 senatun
862 681 991 740 disseruit
1008 693 1086 749 aona
1165 682 1166 687 ’

10 806 17 823 .
50 762 200 842 Philippum
224 765 442 837 Athamantico,
479 783 531 825 non
553 763 689 842 Pyrrhum
714 771 765 823 aut
783 765 943 823 Antiochum
962 761 1061 864 pppulo
1096 790 1115 823 s

9 848 19 905 i
50 847 167 908 Rusone
174 850 285 931 parade
299 848 553 926 mumdosfuisse.
591 855 679 908 exstat
698 851 801 923 oratio,
822 869 878 928 qua
893 842 1061 926 mogmtudil

50 951 103 990 ncm
114 938 188 1010 oiri,
208 935 362 1019 violationi
374 935 550 999 subiectorum
564 937 590 992 ei
601 938 721 1010 genitum
728 978 739 1008 ‚
767 941 888 1012 etpucm
896 936 1062 1013 moriautur

52 1015 144 1077 Italiae
158 1021 260 1093 bostis,
282 1038 383 1097 suoque
396 1022 426 1076 in
439 1018 595 1076 destruendo
607 1039 636 1076 co
650 1018 761 1077 consilia
774 1019 876 1079 extulit.
910 1018 950 1077 Et
966 1017 1088 1084 blara-4

52 1101 154 1165 boduus
167 1107 281 1181 quidem
292 1103 579 1177 Ravennaehabitru‚
610 1104 761 1180 siquando
776 1103 974 1165 iruolesoereut
991 1104 1062 1179 διιεῖ
1096 1146 1104 1155 .

54 1186 91 1259 si,
114 1191 194 1265 quasi
217 1189 355 1248 rediturus
378 1190 408 1245 in
429 1203 546 1263 regumn
563 1189 761 1247 ostentabatur.
797 1191 924 1248 sednon
947 1186 1063 1247 excessit

52 1268 123 1329 Itatlia
149 1294 201 1352 per
224 1272 413 1347 duodeviginti
435 1291 539 1346 annos,
566 1273 767 1349 consenuitque
789 1273 904 1332 multuni
921 1274 1064 1331 imminuta

53 1353 169 1416 claritate
183 1354 219 1417 ob
238 1358 349 1416 nimiam
370 1357 479 1415 vivendi
501 1357 666 1435 cupidinem.
709 1357 785 1416 idem
806 1356 961 1416 Catualdae
982 1366 1088 1425 casius

53 1456 140 1516 usque
153 1442 225 1500 aliud
237 1443 402 1521 perfirgium.
428 1442 527 1520 pulsus
543 1441 620 1500 haud
630 1439 715 1498 multo
732 1446 798 1519 post
811 1441 1064 1501 Hermundurorum

54 1524 151 1600 opibus
170 1533 197 1586 et
209 1527 311 1585 Vibilio
327 1528 412 1599 duce,
433 1533 617 1604 receptusque
636 1525 742 1586 Forum.
759 1524 857 1585 Iulium
873 1522 1065 1585 Narbonensis

56 1607 159 1668 Galliae
178 1612 311 1669 coloniam
334 1612 456 1689 mittitru.
486 1610 596 1670 barbari
612 1616 758 1687 utrumque
777 1610 911 1685 comitati,
932 1630 968 1670 ne
989 1608 1066 1687 quie·

54 1696 96 1748 tas
110 1696 262 1771 provincias
284 1697 397 1753 immixti
418 1695 577 1769 turbarent,
598 1694 756 1754 Danubirun
774 1695 846 1755 ultra
866 1697 939 1754 inter
953 1694 1067 1753 flrunina

45 1773 160 1855 ΙΜῑιῐιιιιι
172 1786 200 1839 et
210 1782 315 1839 Cusrun
329 1780 470 1854 locantur,
499 1781 566 1839 dato
585 1800 654 1858 rege
667 1780 774 1840 Vauuio
789 1782 881 1858 gentis
894 1779 1066 1848 Quadonun.

134 1880 235 1940 LXIV.
249 1882 337 1940 Shnul
350 1883 475 1947 nuntiato
489 1899 575 1957 regem
582 1881 727 1940 Ariusium
735 1883 866 1940 Armeniis
880 1901 899 1939 c
913 1881 1069 1940 Gcrmomm

57 1959 154 2038 datura
167 1966 313 2026 demetere
326 1972 420 2044 patres
428 1971 459 2023 ut
467 1967 640 2024 Germanus
653 1972 734 2044 atque
739 1966 847 2024 Drusus
860 1970 968 2024 ooonics
980 1963 1070 2023 urbem

56 2048 196 2108 monton.
214 2052 314 2108 structi
325 2057 356 2123 et
369 2070 449 2109 arcrts
463 2051 563 2108 circum
574 2050 663 2111 latera
676 2052 772 2129 templi
781 2050 879 2108 Martis
894 2050 992 2121 ultoris
1008 2068 1071 2108 ntur

59 2131 147 2210 effigie
161 2136 329 2209 Caesanmr,
349 2131 464 2193 laetiore
477 2134 609 2210 Tiberio,
632 2136 697 2214 quia
713 2155 811 2215 pacem
827 2135 963 2213 sapientia
977 2136 1069 2192 siuna-

59 2225 145 2294 verat,
165 2238 247 2295 quarn
269 2221 293 2277 si
310 2219 409 2277 bellurn
434 2220 570 2297 peracies
592 2220 764 2280 confecisset
804 2220 893 2297 Igitur
906 2219 1095 2298 Rhescupo·2

60 2300 98 2360 riu
110 2323 220 2380 quoque
234 2303 372 2363 Thraciae
383 2323 479 2379 regem
493 2311 557 2362 astu
579 2306 749 2381 aggreditur.
774 2325 882 2365 ornnem
903 2324 966 2366 eam
979 2304 1070 2362 natio·

62 2404 117 2445 unu
141 2388 350 2449 Rhoemetalces
377 2394 517 2447 tenuerat:
553 2408 610 2467 quo
641 2391 771 2449 defuncto
793 2388 936 2467 Augustus
962 2394 1071 2468 partem

63 2467 191 2531 Thracum
211 2471 414 2552 Rhescuporidi
434 2474 512 2532 fratri
535 2473 610 2569 eius³
630 2481 739 2552 partem
757 2475 814 2533 tilio
834 2474 917 2552 Cotyi
937 2473 1071 2553 pennisit.

62 2552 132 2615 inea
142 2557 276 2617 divisione
289 2576 356 2615 arva
369 2562 399 2616 et
415 2559 498 2616 urbes
522 2563 551 2617 et
569 2558 658 2617 vicina
674 2560 788 2619 Graecis
806 2559 907 2635 Cotyi,
932 2559 1008 2635 quod
1027 2557 1097 2644 inst

63 2637 168 2717 ndum,
195 2644 292 2716 ferox,
321 2660 456 2701 annexum
478 2642 620 2716 hostibus,
647 2642 849 2723 Rhescuporidi
872 2643 968 2716 cessit3
993 2644 1071 2725 ipso-

62 2741 168 2803 rumque
178 2746 277 2804 regum
291 2726 404 2802 ingenia
417 2726 454 2784 iili
468 2727 536 2787 mite
552 2733 581 2787 et
595 2746 757 2804 amoenus,
777 2729 841 2788 huic
855 2734 942 2805 atrox,
962 2729 1073 2792 avidiun

63 2859 262 2879 Μ-

124 2943 230 3009 capua
247 2944 323 2996 rebus
335 2943 399 3013 eius]
416 2947 454 2997 ita
465 2945 551 3006 codex,
566 2961 644 3013 neque
657 2949 771 2999 audiendi
783 2953 846 3012 runt,
858 2947 962 3013 quisuis
974 2954 1073 3006 nature
1090 2954 1094 2959 '
1153 2980 1164 2997 .

123 3028 264 3096 rediturae]
282 3033 310 3081 Iu
323 3033 362 3083 cd.
376 3032 487 3094 reditus,
505 3035 568 3096 quod
575 3035 708 3084 Beroaldus
722 3036 848 3097 expressit.
865 3035 980 3083 Editores
991 3041 1075 3097 posta·

66 3094 131 3149 tiores
144 3102 292 3164 sumpserunt
301 3099 444 3162 rediturus,
462 3103 525 3164 quod
538 3106 688 3153 retinuimus.
705 3104 724 3152 1.
734 3104 810 3152 Gron.
824 3105 870 3152 sibi
884 3104 1010 3164 persuasit,
1023 3103 1074 3161 Tu·

66 3164 130 3287 pituita
140 3171 266 3236 scripsisse
282 3168 400 3233 reditui,
417 3171 501 3234 quales
518 3172 614 3222 datium
635 3176 702 3245 amat
716 3172 824 3222 Tacitut.
858 3171 920 3220 Vide
937 3174 1022 3219 notata
1043 3171 1076 3239 ad

40 3290 44 3295 ,
79 3266 87 3292 ‚
130 3272 138 3287 .
785 3258 789 3267 .

110 3303 234 3387 sibilis]
258 3275 370 3375 Bycldus
389 3312 459 3374 putat
476 3307 628 3360 scribendum
650 3322 704 3359 esse
727 3303 844 3364 ttttttto,
862 3303 1010 3354 asseutteute
1025 3304 1077 3355 Er·
