2350 3817
340 224 578 351 nucum
620 187 779 295 acm
1027 230 1072 297 ao

34 356 150 483 ‹pre-D
160 380 294 458 Augusto
306 382 384 459 apud
395 379 517 438 Bovillas
531 380 665 440 dicauhu.
687 381 721 441 C
737 379 875 456 Caecilio,
896 379 932 441 L.
949 376 1098 465 Pompo-2

32 472 85 529 uio
107 489 186 528 coss.
210 467 394 527 Germanicus
417 466 524 525 Caesar
538 466 606 523 ad.
620 465 680 525 Vll.
701 466 767 525 Kal
788 424 881 526 Iudai
896 467 1073 546 triumpharit

35 557 75 623 de
93 554 250 612 Cheruscis
273 551 442 626 Chattisque
456 556 486 609 et
497 548 684 627 Angrivariis,
705 570 833 628 quaeque
854 551 924 611 aliae
944 552 1071 612 nationes

35 658 135 715 usque
160 639 198 695 ad
219 636 312 694 Albim
333 635 440 694 colunt:
458 641 541 711 ¹vecta
562 634 668 713 spolia,
688 637 805 714 captiui,
826 635 971 695 simulacra
990 654 1072 698 mon-

37 720 131 797 tium,
164 722 326 795 flmuiumn,
351 719 536 798 proeliorum
559 719 730 797 bellumque,
751 721 964 796 quiaconlicere
976 722 1072 800 prohi-
1142 740 1145 749 ¹

38 809 118 866 bitus
142 811 221 887 erat,
241 825 294 884 pro
316 806 442 863 consecto
464 804 656 882 accipiebatur.
676 805 798 880 augebat
814 805 977 865 irruentium
994 804 1098 865 visusb
1132 830 1155 903 ζ

41 908 672 1075 ssldllstlttfflllltlt
682 890 1073 1053 immissi

45 1054 103 1119 dur
119 1058 249 1138 fauorem
270 1059 366 1135 uulgi‚·
394 1058 556 1116 auunculum
574 1060 689 1118 eiusdem
707 1057 870 1118 Marcellum
885 1060 1073 1138 flagrantibus

41 1145 130 1223 plebis
152 1140 252 1202 sudio
271 1147 347 1203 iutra
365 1146 501 1203 iuuentam
520 1150 650 1224 ereptumr
676 1145 765 1204 breues
786 1148 812 1204 et
833 1145 969 1225 susurrator
976 1144 1073 1225 populu

41 1230 171 1290 Rusoni
182 1248 293 1287 amarer.

133 1313 226 1373 XLlL
247 1315 378 1374 Ceterum
397 1313 527 1375 Tiberius
547 1316 659 1377 nomine
680 1315 838 1377 Germanici
854 1321 983 1375 trecerma
996 1312 1073 1392 plebi

47 1400 199 1460 sestertios
220 1398 319 1461 viritim
334 1401 412 1461 dedit
425 1421 511 1478 seque
526 1403 661 1477 collegam
675 1401 867 1461 consulahri'
843 1420 902 1459 erus
916 1398 1074 1459 destinavit.

48 1504 103 1544 uec
114 1483 219 1543 ideo
196 1502 318 1544 sincerae
332 1486 452 1544 caritatis
465 1488 549 1546 fidem
563 1491 708 1547 assecutum
723 1484 848 1545 arnoliri
841 1503 967 1551 iuvenem
980 1483 1074 1562 speria

48 1569 167 1628 honoris
187 1570 298 1643 statuit,
324 1571 477 1669 struxitque
497 1591 628 1645 carusas,
661 1576 711 1647 aut
730 1572 802 1628 sorte
823 1568 931 1631 oblatas
952 1568 1074 1665 arripuit.

48 1655 115 1714 Rex
126 1651 277 1712 Archelaus
291 1654 549 1732 quinquagesimum
563 1675 665 1719 aunum
671 1655 851 1733 Cappadocia
863 1652 1039 1733 potiebatur
1031 1671 1075 1710 m·
1165 1690 1170 1701 ι

49 1739 128 1797 visus
144 1737 258 1796 Tiberio
266 1741 372 1815 ,quod
387 1760 450 1798 eum
468 1741 563 1800 Rhodi
581 1746 711 1816 agentem
730 1740 806 1799 nullo
826 1740 916 1799 officio
937 1738 1076 1798 adunet

51 1843 105 1882 nec
118 1823 150 1879 id
161 1821 310 1882 Archelaus
320 1844 381 1903 per
394 1826 553 1903 superbiam
566 1827 712 1898 omiserat,
733 1827 786 1885 sed
805 1824 841 1882 ab
857 1824 958 1884 intimis
977 1812 1075 1897 Augu·
1081 1826 1101 1881 2

53 1909 91 1966 sti
103 1906 227 1965 monitus
234 1909 330 1983 ‚quia
349 1910 514 1968 florenteC.
536 1912 660 1970 Caesare
673 1911 815 1985 missoque
836 1906 932 1967 adres
951 1905 1076 1965 Orientis

52 1994 146 2051 intuta
161 1991 268 2049 Tiberii
281 1993 397 2051 amicitia
410 1995 581 2053 credebatur.
608 2000 641 2052 ut
652 2014 734 2053 versa
747 1994 898 2052 Caesarum
913 1990 1032 2051 subole
1024 2009 1077 2049 mr-

54 2079 164 2158 perium
181 2077 302 2154 adeptus
325 2084 384 2150 est,
405 2079 477 2137 elicit
494 2077 659 2151 Archelaus
682 2072 777 2139 matris
796 2077 912 2153 litteris,
932 2094 1005 2153 quae
1018 2094 1077 2134 nou

56 2160 307 2222 dissimulatisfilii
328 2163 527 2224 offensionibus
548 2163 719 2224 clementiam
741 2162 893 2237 offerebat,
913 2163 944 2220 'si
959 2161 996 2220 ad
1010 2180 1077 2240 pre·

58 2248 177 2309 andnam
190 2246 305 2305 veniret
325 2245 371 2305 ille
389 2247 503 2323 ignaras
524 2249 597 2323 doli,
616 2249 676 2322 vel,
697 2250 722 2306 si
742 2247 895 2324 intelligere
909 2247 1100 2321 crederetuu‚3

59 2333 112 2390 vim
125 2336 252 2407 metuens
271 2331 301 2388 in
314 2331 410 2389 urbem
428 2339 581 2411 properata
598 2338 782 2411 exceptusque
803 2332 933 2392 immitia
952 2330 1078 2410 principe

61 2423 88 2476 et
99 2430 164 2474 mox
177 2422 321 2474 accusatus
334 2417 363 2473 in
377 2423 475 2475 senatu
488 2437 545 2476 non
559 2419 596 2476 ob
611 2419 722 2477 crimina
734 2436 806 2494 quae
820 2416 1005 2492 fingebantur,
1024 2412 1080 2472 sed

12 2520 14 2523 ’
61 2520 181 2577 augore,
203 2501 285 2558 sirnul
297 2502 388 2559 fessus
403 2503 481 2560 senio
496 2508 525 2561 et
537 2503 603 2579 quia
615 2503 728 2578 regibus
741 2521 840 2578 aequa,
858 2502 960 2560 nedum
973 2497 1077 2573 infima,

61 2586 169 2644 insolita
190 2591 271 2658 suut,
291 2585 376 2651 finem
395 2586 487 2662 vitae,
508 2593 610 2665 sponte
624 2588 747 2661 ansato,
768 2587 896 2665 implerit
916 2603 1033 2662 regnum
1047 2583 1077 2640 in

62 2667 228 2749 provinciam
241 2670 383 2730 redactum
396 2677 456 2746 est,
472 2671 662 2749 fructibusque
675 2676 731 2730 uus
745 2670 830 2729 leucri
836 2689 912 2749 posse
926 2672 1080 2729 ceuteu'mae

63 2753 180 2830 vectigal
194 2755 336 2833 professus
351 2755 457 2834 Caesar
471 2757 685 2815 ducentesimam
702 2757 884 2833 inposterum
898 2756 1002 2813 statuit
1022 2753 1123 2818 Perl'

66 2840 135 2898 idem
149 2847 260 2916 tempus
280 2837 415 2897 Antiocho
430 2841 696 2917 Commagenomm,
717 2841 893 2919 Philopatore
907 2838 1023 2901 Cilicum
1033 2858 1080 2898 re·

67 2925 144 3002 gibus
164 2922 302 2999 defunctis
322 2925 503 2984 turbabantur
523 2927 651 2989 nationes
671 2925 812 3007 plerisque
824 2926 981 2987 Romanum
988 2969 1006 3013 ,x
1019 2923 1079 2984 aliis

66 3198 70 3203 Δ
133 3209 193 3273 ⁰³1³·
205 3202 250 3260 41·
277 3207 402 3276 Caecilio]
417 3212 461 3267 Sic
474 3227 517 3276 pro
532 3210 623 3271 Caelio
637 3214 752 3274 Brotler„
768 3212 909 3271 Ernestiuu,
925 3198 976 3257 abt.

134 3277 249 3346 augebat
261 3278 340 3344 visua}
359 3281 405 3330 Die
417 3282 478 3330 Zahl
493 3283 537 3331 der
547 3283 584 3331 nir
597 3283 715 3346 dasAuge
728 3284 772 3331 der
785 3280 922 3329 Zucchancr
932 3277 1079 3323 intercessu-

70 3348 292 3410 tenGegemtands
305 3345 385 3397 warde
399 3352 461 3399 noch
471 3352 595 3400 rermohrt
608 3351 682 3400 durch
694 3353 735 3400 dre
745 3347 865 3398 eunucho
875 3342 980 3404 Gestalt
996 3346 1044 3393 cto.
1101 3379 1106 3389 ,
1155 3370 1160 3375 -

79 3420 84 3427 '
134 3418 193 3482 Cap·
206 3411 249 3471 42
274 3415 389 3501 aemam]
407 3418 536 3495 Ernoptius
548 3420 672 3470 desiderat
686 3416 847 3471 uenisset
